1868 3093
779 239 1048 278 „21-

194 351 447 406 tyrannidem
521 348 765 402 regnallica
795 348 927 394 crevit,
953 379 961 387 .
986 379 994 387 .
1020 379 1028 387 .
1051 358 1141 387 sae·
1159 347 1161 399 l
1178 347 1308 396 cessit,
1345 379 1352 386 .
1383 377 1390 384 .
1421 377 1429 384 .
1465 347 1635 386 lascivia

194 430 391 459 conversa
410 420 514 463 sunt,
545 426 650 466 opus
686 415 769 454 vire
785 412 959 464 fortuna
980 423 1029 453 ac
1049 414 1142 453 mis·
1178 415 1301 463 atque
1342 411 1538 462 superbia
1573 412 1636 451 in—

195 496 282 525 esse
317 483 474 535 legibus
509 480 650 530 coepit.
686 490 776 519 cere
804 479 943 519 omnia
972 479 1114 529 coepit.
1178 489 1345 518 cessere.

305 560 454 599 Verum
497 556 663 606 longius
705 556 800 595 licet
851 555 1091 605 procedere.
1161 554 1389 594 Excursum
1434 554 1539 593 enim
1578 552 1633 592 illi

194 635 316 676 quam
352 621 541 663 secundo
573 620 668 660 loco
698 620 917 671 posuimus
948 620 1201 671 expositioni
1236 617 1511 660 Sallustianae
1550 630 1633 658 non

194 691 325 728 forma
355 688 481 726 modo
513 688 809 736 congruentem
832 686 907 725 sed
929 686 1171 736 argumento
1193 695 1362 735 quoque
1383 684 1634 723 simillimum

195 754 342 793 eodem
365 750 544 791 consilio
565 749 838 790 Posidonium
860 750 1043 790 historiis
1064 749 1287 790 inclusisse
1304 750 1444 800 potest
1460 749 1634 788 demon-

195 818 320 857 strari.
351 815 431 863 Qui
447 827 530 866 quo
546 816 641 855 loco
663 817 851 855 occurrat
870 816 906 855 si
929 816 1105 866 quaeris,
1127 815 1345 854 maximam
1367 815 1457 853 eius
1479 815 1634 864 partem

194 882 371 921 servavit
403 880 616 935 Diodorus
645 881 667 920 l.
695 880 875 920 XXXVII
900 880 936 928 3,
969 880 1038 919 ubi
1068 880 1120 919 de
1145 882 1326 920 veterum
1357 878 1634 920 Romanorum

196 947 381 987 moribus
418 947 625 986 mentione
662 947 854 987 inchoata
890 947 1089 986 luxuriam
1125 947 1223 997 post
1253 946 1430 985 deletam
1462 943 1634 985 Cartha-

195 1013 331 1063 ginem
364 1012 670 1051 corroboratam
702 1022 798 1051 esse
824 1013 1014 1051 accurate
1035 1012 1216 1062 exponit.
1265 1009 1384 1057 Quae
1406 1010 1472 1050 hic
1493 1009 1634 1060 profe-

195 1080 341 1125 runtur,
385 1088 434 1117 ne
477 1077 594 1117 dicas
636 1088 685 1117 ea
726 1088 776 1117 ex
813 1075 1030 1117 Posidonii
1073 1077 1333 1117 historiarum
1374 1076 1439 1115 vel
1482 1075 1635 1126 singuli

194 1143 409 1181 cuiusdam
441 1142 530 1181 libri
552 1144 769 1191 prooemio
790 1142 976 1189 fluxisse,
997 1143 1076 1180 alia
1098 1142 1272 1180 eandem
1296 1152 1378 1180 rem
1401 1141 1635 1190 spectantia

196 1207 321 1246 verba
364 1205 537 1246 Diodori
580 1208 809 1257 impediunt
853 1208 955 1246 haec
1000 1206 1216 1257 (XXXVllI
1252 1207 1288 1255 2,
1321 1206 1383 1255 l):
1421 1204 1555 1242 αἰτίαν
1592 1203 1634 1242 δὲ

194 1274 358 1322 πρώτην
393 1274 582 1320 γενέσθαι
617 1278 687 1309 τοῦ
723 1272 902 1319 πολέμου
939 1271 1026 1322 (τοῦ
1056 1270 1280 1321 Μαρσικοῦ)
1316 1269 1361 1307 τὸ
1390 1275 1633 1317 μεταπεσεῖν

194 1335 285 1381 τοὺς
312 1332 535 1384 (Ρωμαίους
564 1334 647 1372 ἀπὸ·
677 1341 747 1387 τῆς
776 1334 965 1373 εὐτάκτου
994 1335 1060 1373 καὶ
1087 1336 1198 1387 λιτῆς
1228 1334 1384 1386 ἀγωγῆς
1407 1335 1473 1372 καὶ
1496 1332 1632 1385 ἐγκρα-

193 1408 295 1448 τοῦς,
328 1399 379 1439 δι’
412 1398 454 1452 ἧς
475 1400 543 1439 ἐπὶ
570 1408 756 1439 τοσοῦτον
777 1400 1020 1453 ηὐξήθησαν,
1052 1400 1108 1447 εἰς
1134 1400 1323 1453 ὀλέθριον
1346 1400 1463 1452 ζῆλον
1483 1407 1634 1451 τρυφῆς

193 1466 260 1504 καὶ
291 1465 515 1513 ἀκολασίας.
580 1465 706 1508 Sicuti
749 1468 870 1519 igitur
904 1466 1141 1508 Sallustium
1178 1470 1395 1518 corruptae
1432 1465 1633 1507 Catilinae

195 1535 361 1572 naturae
412 1533 466 1572 ita
510 1532 784 1573 Posidonium
826 1533 1073 1584 intellegitur
1114 1533 1211 1573 belli
1253 1533 1421 1572 Marsici
1466 1543 1634 1572 causam

195 1609 246 1638 ex
275 1598 568 1649 perditissimis
599 1598 774 1638 civitatis
800 1597 1009 1641 Romanae
1031 1599 1217 1639 moribus
1240 1599 1495 1649 repetivisse,
1527 1609 1635 1649 quos

196 1674 279 1702 non
323 1663 545 1714 descripsit
587 1663 722 1703 solum
764 1664 841 1703 sed
883 1664 935 1703 ab
972 1664 1115 1703 altiore
1147 1664 1261 1703 initio
1292 1663 1505 1714 profectus
1536 1674 1634 1703 nas—

197 1730 338 1767 centes
369 1730 408 1767 et
438 1731 675 1768 crescentes
698 1729 950 1779 'persecutus
976 1731 1049 1769 est.
1097 1729 1242 1780 Neque
1273 1740 1371 1769 vero
1394 1740 1500 1780 quae
1522 1729 1634 1779 apud

196 1792 428 1832 Diodorum
459 1794 669 1841 habentur,
701 1804 864 1834 omnem
895 1795 945 1834 iis
977 1795 1281 1847 digressionem
1308 1794 1634 1835 Posidonianam

196 1859 504 1909 comprehendi,
557 1859 632 1899 sed
674 1859 792 1910 plura
833 1861 885 1899 de
926 1860 1136 1900 veteribus
1184 1859 1381 1903 Romanis
1424 1860 1634 1900 exstitisse

196 1925 275 1963 iam
307 1936 358 1963 ex
388 1935 439 1963 eo
470 1925 729 1974 aliquatenus
753 1925 913 1964 videtur
933 1936 1144 1976 apparere,
1175 1926 1288 1976 quod
1311 1925 1487 1965 Diodori
1509 1925 1636 1964 verba

198 1991 292 2029 sunt
322 1990 521 2040 praecisa.
580 1988 673 2037 Qua
708 1990 747 2029 in
784 2001 825 2030 re
861 1990 1122 2030 utilissimum
1159 1992 1408 2042 maximique
1438 1990 1634 2030 momenti

196 2055 355 2095 videtur
385 2065 480 2094 esse
510 2055 780 2107 fragmentum
811 2056 1023 2106 quoddam
1055 2057 1190 2108 ipsius
1220 2056 1437 2097 Posidonii
1469 2056 1634 2096 histori-

197 2131 320 2168 arum,
357 2121 470 2171 quod
506 2121 623 2161 affert
657 2120 893 2161 Athenaeus
923 2121 984 2169 Vl,
1019 2132 1112 2174 pag.
1142 2122 1223 2162 279
1253 2122 1298 2162 A.
1362 2121 1488 2170 Quod
1524 2121 1634 2173 frag-

197 2188 376 2225 mentum
412 2186 562 2225 Nliiller
597 2187 763 2236 quidem
800 2185 841 2238 (l.
863 2187 885 2225 l.
914 2187 1006 2233 253,
1026 2186 1070 2238 2)
1109 2198 1190 2226 una
1221 2198 1312 2226 cum
1346 2187 1513 2226 duobus
1543 2186 1634 2226 aliis

197 2250 248 2289 ad
286 2250 474 2290 Italorum
512 2252 802 2291 continentiam
838 2251 1124 2302 spectantibus
1161 2253 1196 2292 ei
1232 2252 1418 2300 frustulo,
1462 2263 1546 2302 quo
1584 2263 1634 2291 ex

200 2316 389 2354 secundo
434 2315 650 2355 Posidonii
701 2316 805 2355 libro
866 2317 1113 2367 deprompto
1163 2318 1215 2357 de
1259 2328 1373 2357 more
1422 2317 1634 2368 epularum

198 2379 544 2421 Herculanearum
576 2382 715 2434 agitur,
745 2382 938 2430 adiunxit,
969 2383 1045 2422 sed
1076 2383 1166 2423 sine
1198 2383 1279 2423 ulla
1310 2394 1433 2434 quam
1465 2382 1634 2433 quidem

197 2447 359 2485 videam
412 2447 619 2497 probabili
670 2458 807 2487 causa.
876 2447 1001 2487 Immo
1044 2459 1150 2498 quae
1193 2449 1245 2488 de
1287 2449 1412 2489 bonis
1452 2450 1635 2489 veterum

199 2510 475 2553 Romanorum
511 2513 696 2553 moribus
727 2513 793 2553 hic
823 2513 1020 2564 leguntur,
1050 2523 1100 2553 ea
1130 2524 1331 2555 excursus
1363 2513 1634 2555 Posidoniani

196 2577 327 2617 fuisse
358 2579 513 2628 partem
544 2579 620 2618 etsi
652 2579 892 2619 certissimis
923 2580 1174 2630 argumentis
1206 2591 1289 2619 non
1320 2583 1460 2631 potest
1489 2580 1634 2626 evinci,

197 2644 344 2690 tamen,
375 2653 467 2682 cum
499 2654 582 2683 uno
613 2645 846 2695 eodemque
878 2644 972 2693 loco
1003 2646 1043 2684 et
1072 2645 1125 2685 de
1156 2646 1280 2685 bonis
1305 2646 1565 2696 antiquorum
1597 2646 1636 2684 et

198 2708 249 2747 de
271 2709 443 2759 perditis
465 2710 741 2760 posteriorum
764 2709 1042 2753 Romanorum
1064 2721 1158 2751 eum
1183 2712 1435 2752 disseruisse
1451 2722 1634 2751 consen-
