1868 3093
812 208 1082 247 ,θοή

225 315 408 356 afferant.
444 314 582 363 Quare
605 326 698 355 cum
721 317 928 356 sermonis
948 317 1133 357 historici
1155 317 1285 368 prima
1306 317 1669 368 deprehendamus

223 381 410 434 vestigia,
453 392 536 421 non
577 380 685 421 falso
728 381 994 433 opinabimur
1036 382 1135 425 iilud
1174 382 1389 425 universas
1425 392 1492 424 res
1527 384 1668 436 gestas

224 448 396 488 historia
417 447 801 498 comprehendendi
823 449 1018 498 studium,
1050 450 1115 489 cui
1136 450 1316 501 posteris
1337 449 1378 488 in
1399 448 1514 489 libris
1536 448 1669 499 potuit

224 512 416 564 obsequi,
458 513 538 552 iam
580 512 647 553 hic
689 515 732 552 ut
772 513 865 555 aliis
897 513 1116 567 Agricolae
1159 514 1265 555 locis
1305 513 1489 566 patefieri
1531 523 1667 564 eoque

223 578 362 618 studio
404 578 667 629 aliquatenus
704 590 798 619 eum
836 580 1060 620 adductum
1098 590 1205 628 esse,
1236 582 1288 628 ut,
1330 580 1483 631 quibus
1515 580 1555 619 in
1586 580 1666 619 vita

224 644 521 695 componenda
550 644 588 684 ei
610 645 808 685 utendum
830 647 915 686 erat
935 645 1111 697 legibus,
1141 656 1279 685 earum
1302 643 1668 692 obhvisceretur1).

356 765 392 804 2.
424 763 497 805 De
530 763 827 806 Germania
859 765 909 804 in
941 775 1275 805 excursuum
1307 775 1531 804 numero

812 830 1083 869 habenda

335 917 519 957 Eandem
549 917 634 957 fere
666 928 748 968 qua
775 918 816 957 in
837 917 1046 957 Britannia
1067 928 1243 958 excursu
1266 917 1544 958 describenda
1566 927 1668 957 usus

224 984 287 1021 est
317 992 500 1021 normam
534 982 590 1022 iili
622 994 745 1033 quem
786 983 912 1034 paulo
956 985 1054 1034 post
1083 983 1136 1023 de
1167 980 1389 1023 Germania
1419 982 1669 1033 conscripsit

224 1047 366 1088 libello
410 1047 598 1089 Tacitum
641 1048 886 1090 adhibuisse
929 1049 1027 1100 quin
1068 1059 1387 1089 commemorem
1417 1048 1553 1089 tacere
1585 1059 1667 1088 non

224 1124 412 1164 possum.
471 1113 648 1153 Perinde
689 1115 797 1154 enim
839 1116 962 1165 atque
1006 1115 1045 1154 in
1090 1114 1284 1166 Agricola
1325 1115 1377 1153 de
1422 1111 1668 1154 Germaniae

224 1180 304 1219 situ
336 1181 375 1218 et
403 1178 571 1226 finibus,
602 1179 719 1218 caelo
751 1181 790 1218 et
818 1179 1071 1226 fluminibus,
1101 1179 1289 1230 frugibus
1320 1181 1359 1219 et
1389 1178 1575 1225 metaliis,
1616 1179 1668 1217 de

224 1244 450 1284 incolarum
482 1244 641 1295 origine
672 1246 712 1284 et
742 1245 921 1291 nomine,
951 1244 1003 1284 de
1034 1245 1140 1284 vitae
1167 1246 1206 1284 et
1227 1244 1323 1283 beili
1355 1244 1668 1289 consuetudine,

224 1309 276 1348 de
308 1309 494 1349 moribus
525 1312 564 1349 et
588 1310 794 1357 institutis,
815 1310 947 1349 sacris
967 1310 1114 1349 ritibus
1135 1309 1268 1349 docet.
1327 1309 1476 1349 Verum
1503 1309 1668 1360 longius

224 1374 290 1414 hic
320 1375 516 1427 progredi
548 1374 653 1415 licet.
711 1374 862 1426 Aperte
893 1376 1002 1415 enim
1033 1385 1187 1423 eorum,
1223 1385 1330 1426 quae
1361 1374 1414 1415 de
1445 1372 1668 1415 Germania

224 1441 423 1492 leguntur,
454 1441 518 1480 vel
549 1441 714 1492 singula
744 1443 783 1480 et
804 1440 1022 1481 Posidonii
1045 1441 1097 1481 de
1119 1439 1255 1481 Gallia
1282 1442 1321 1480 et
1340 1440 1467 1492 Trogi
1489 1440 1668 1479 auctori-

223 1508 303 1545 tate
335 1507 374 1545 et
404 1506 597 1557 exemplo
629 1504 847 1547 Posidonii
879 1507 931 1546 de
963 1504 1140 1558 Scythia,
1171 1505 1343 1554 Parthia,
1365 1505 1566 1556 Hispania
1596 1516 1667 1544 ex-

224 1572 419 1621 ponentis
462 1572 699 1611 memoriam
743 1572 868 1612 nobis
910 1571 1143 1623 afferunt2).
1202 1570 1295 1619 Qua
1337 1572 1389 1610 de
1431 1582 1473 1610 re
1504 1572 1546 1609 ut
1576 1571 1667 1621 ipse

223 1636 296 1675 tibi
319 1636 577 1686 persuadeas
598 1647 705 1687 quae
728 1637 768 1676 in
790 1637 932 1687 primis
954 1638 1116 1677 exstant
1136 1639 1176 1676 et
1205 1637 1386 1676 eminent
1406 1646 1668 1687 componam.

224 1701 359 1751 Atque
390 1702 565 1752 primurn
591 1702 760 1751 quidem
791 1712 944 1749 eorum,
975 1713 1081 1752 quae
1113 1703 1164 1741 de
1196 1701 1343 1741 insulis
1374 1701 1413 1740 in
1445 1701 1542 1740 mari
1564 1700 1667 1751 Tyr-

224 1766 354 1806 rheno
386 1766 476 1806 sitis
508 1769 547 1806 et
577 1767 629 1806 de
659 1766 869 1806 Britannia
899 1777 922 1806 a
953 1766 1196 1814 Posidonio,
1227 1777 1333 1818 quae
1365 1767 1417 1806 de
1449 1764 1615 1817 Scythia
1645 1776 1668 1805 a

223 1831 364 1884 Trogo
396 1832 651 1880 exhibentur,
682 1843 902 1883 compares
932 1833 1055 1872 velim
1086 1843 1179 1871 cum
1209 1832 1355 1872 Tacito
1386 1832 1510 1871 haec:

279 1917 416 1959 Germ.
433 1919 469 1966 2,
491 1921 527 1958 l:
547 1919 665 1969 Ipsos
682 1917 914 1959 Germanos
946 1917 966 1981 Ι
1037 1917 1161 1958 Diod.
1191 1918 1225 1957 V
1250 1919 1314 1965 21,
1334 1918 1375 1957 5:
1405 1923 1604 1955 κατοικεῖν
1626 1917 1670 1955 δέ

223 1984 441 2035 indigenas
498 1985 739 2024 crediderIm
793 1985 912 2024 mini·
946 1986 948 2042 i
981 1996 1083 2034 φασι
1121 1982 1192 2034 τὴν
1227 1982 1496 2035 Πρεττανικὴν
1528 1981 1667 2029 αὐτόκ-

223 2059 366 2100 meque
406 2049 582 2089 aliarum
618 2050 800 2100 gentium
833 2049 912 2089 ad·
946 2049 947 2066 ¹
981 2051 1088 2087 θονα
1118 2051 1208 2100 γένη
1335 2049 1399 2095 21,
1423 2049 1464 2087 2:
1495 2046 1591 2097 αὕτη
1626 2046 1668 2085 δὲ

224 2113 408 2153 ventibus
449 2116 489 2153 et
521 2114 710 2165 hospI'tt'is
753 2115 913 2154 mixtos.
980 2113 1025 2151 τὸ
1068 2113 1140 2162 μὲν
1184 2112 1359 2151 παλαιὸν
1409 2111 1669 2161 ἀνεπίμικτος

947 2167 948 2171 ¹
982 2178 1135 2230 ἐγένετο
1166 2180 1339 2227 ξενικαῖς
1369 2178 1589 2226 δυνάμεσιν.

336 2300 358 2339 ¹)
384 2298 434 2331 Ex
459 2298 635 2332 sententia
659 2298 813 2332 Eduardi
837 2298 994 2331 Norden.

336 2354 360 2394 ²)
375 2352 465 2386 coni.
480 2352 516 2386 Ε.
534 2352 692 2392 Norden,
710 2353 770 2395 qui
786 2352 953 2395 gentibus
971 2352 1217 2386 describendis
1232 2361 1336 2394 quam
1350 2352 1480 2385 variam
1497 2352 1667 2385 rationem

225 2408 365 2441 veteres
388 2407 582 2449 scriptores
607 2407 828 2441 adhibuerint
852 2409 887 2440 ut
911 2408 1091 2440 enarretur
1120 2415 1196 2441 cum
1226 2407 1391 2449 postulat,
1422 2408 1510 2440 haec
1538 2405 1668 2449 profert

225 2461 325 2504 (ΕἰηΙ.
351 2470 431 2504 pag.
455 2461 551 2504 585):
579 2462 634 2502 „Z.
659 2461 696 2497 Β.
723 2462 838 2495 kenne
864 2462 917 2495 ich
943 2461 1069 2495 keinen
1105 2461 1315 2504 Interpreten
1352 2462 1414 2495 der
1436 2461 1667 2495 taciteischen

225 2516 425 2555 Germania,
462 2516 523 2549 der
557 2516 611 2549 fiir
645 2516 717 2549 ihre
754 2516 1001 2558 Komposition
1039 2515 1096 2549 die
1133 2516 1286 2550 iiberaus
1319 2515 1511 2550 iehrreiche
1536 2515 1668 2549 Ethno-

224 2570 371 2612 graphie
398 2570 460 2603 der
485 2569 628 2604 Parther
651 2570 710 2604 bei
739 2569 1051 2613 Trogus-Justinus
1082 2570 1355 2613 herangezogen
1380 2570 1485 2611 hatte,
1509 2578 1600 2613 ganz
1624 2579 1667 2603 zu

223 2624 430 2667 schweigen
456 2633 527 2658 von
552 2625 633 2658 dem
658 2625 801 2659 reichen
837 2625 1183 2666 ethnographischen
1222 2625 1391 2663 Material.
1427 2625 1492 2658 das
1516 2624 1667 2658 Strabon

223 2688 288 2712 aus
314 2678 665 2712 Poseidonios
690 2679 837 2720 bringt.“
