1868 3093
265 330 494 382 Postquam
508 330 707 371 caedibus
719 331 918 372 saevitum
951 329 954 389 ᾗ
1042 328 1129 371 Sed
1155 330 1228 371 ubi
1254 330 1326 370 illa
1348 328 1533 381 formido
1563 341 1676 370 men-

225 399 266 435 et
311 396 552 446 magnitudo
599 394 748 446 famae
796 397 918 436 exitio
952 391 955 445 l
989 396 1096 436 tibus
1121 396 1304 442 decessit,
1322 395 1478 435 scilicet
1488 406 1548 442 ea,
1569 406 1679 446 quae

226 463 326 507 erat,
379 461 503 499 ceteri
554 460 614 500 ad
662 461 920 511 sapientiora
953 457 955 478 ¹
989 472 1055 501 res
1090 461 1299 500 secundae
1334 462 1479 499 amant
1505 460 1678 499 lascivia

225 528 468 565 convertere.
990 529 1113 577 atque
1141 525 1337 577 superbia
1366 526 1577 565 incessere.

343 612 480 652 Artem
524 611 816 653 Sallustianam
862 623 928 652 res
974 615 1196 653 nascentes
1242 615 1281 652 et
1324 614 1561 653 crescentes
1606 611 1679 651 illo

229 677 359 717 modo
391 678 673 729 persequendi
706 688 827 728 quam
860 678 1026 728 penitus
1048 677 1218 717 Tacitus
1248 681 1486 729 perceptam
1518 677 1680 724 habeat,

227 754 278 782 ex
315 743 547 783 clarissima
583 743 848 793 expositione
886 743 1031 789 elucet,
1069 752 1151 793 qua
1188 742 1252 792 (ΙΙΙ
1283 742 1464 794 26-28)
1502 742 1554 782 de
1585 742 1677 794 lege

227 806 357 858 Papia
379 807 580 859 Poppaea
599 810 910 858 ceterarumque
930 808 1066 859 legum
1085 807 1343 847 multitudine
1360 810 1457 847 tunc
1475 808 1677 858 populum

226 875 402 912 vexante
439 873 649 913 mentione
687 874 881 913 inchoata
917 884 940 912 a
977 874 1197 924 proposito
1234 873 1405 920 aberrat,
1442 875 1483 912 ut
1520 883 1681 923 paucas

227 938 359 978 fuisse
383 939 500 990 leges
522 939 638 977 initio
661 940 700 977 et
721 938 946 988 simplices,
967 938 1164 988 paulatim
1188 939 1228 976 in
1246 948 1458 977 numerum
1476 937 1678 984 infinitum

231 1006 375 1043 auctas
418 1013 514 1043 esse
559 1003 719 1042 doceat.
784 1000 915 1043 Cuius
952 1003 1229 1055 digressionis
1266 1003 1463 1043 rationem
1501 1003 1680 1054 probare

233 1069 372 1108 studet
408 1069 473 1107 his
510 1069 666 1107 verbis:
709 1068 773 1107 Ea
815 1078 882 1107 res
918 1069 1120 1114 admonet,
1162 1068 1286 1108 atde
1319 1069 1538 1119 principiis
1568 1069 1681 1114 iuris,

230 1136 268 1173 et
286 1133 434 1184 quibus
452 1133 588 1173 modis
617 1133 676 1173 ad
697 1133 805 1173 hanc
831 1133 1126 1173 multitudinem
1147 1132 1349 1184 infinitam
1371 1144 1421 1173 ac
1441 1134 1681 1174 varietatem

231 1200 363 1250 legum
401 1202 640 1249 perventum
681 1200 744 1244 sit,
790 1198 914 1238 altius
959 1189 1172 1238 disseram.
1241 1198 1393 1249 Aperte
1438 1209 1682 1238 revocamur

230 1265 309 1303 hac
358 1263 534 1302 formula
583 1263 636 1302 ad
687 1274 735 1303 ea
783 1263 921 1310 verba,
975 1274 1081 1314 quae
1132 1264 1170 1302 in
1221 1261 1397 1304 Catilina
1447 1261 1681 1308 Sallustius,

230 1331 472 1380 priusquam
523 1339 574 1368 ex
623 1329 776 1378 quibus
826 1329 952 1368 initiis
1003 1328 1137 1368 malos
1179 1329 1354 1369 civitatis
1399 1339 1537 1369 mores
1580 1339 1678 1379 pro·

229 1394 364 1433 tectos
420 1395 693 1445 persequitur,
742 1394 979 1445 praeponit:
1033 1393 1115 1436 Res
1163 1394 1256 1444 ipsa
1305 1393 1466 1434 hortari
1512 1394 1681 1439 videtur,

231 1460 426 1509 quoniam
457 1460 509 1498 de
542 1459 726 1498 moribus
755 1458 955 1500 Romanis
985 1462 1144 1509 tempus
1173 1459 1397 1506 admonuit,
1417 1469 1546 1509 supra
1566 1469 1680 1509 repe-

230 1527 312 1564 tere
362 1534 411 1563 ac
456 1524 605 1574 paucis
646 1554 652 1561 .
695 1554 703 1561 .
745 1553 753 1561 .
796 1513 1008 1564 disserere.
1080 1522 1235 1564 Similis
1285 1524 1405 1576 igitur
1452 1524 1681 1576 argumenti

233 1590 442 1640 expositio
475 1589 682 1629 similibus
712 1589 852 1629 verbis
884 1590 1179 1640 pronuntiatur.
1233 1587 1370 1636 Quare
1403 1590 1511 1628 hunc
1542 1589 1680 1639 ipsum

233 1656 371 1693 locum
393 1654 581 1693 Taciturn
614 1655 854 1704 respexisse
887 1665 970 1694 non
1000 1654 1108 1694 falso
1135 1654 1408 1705 opinabimur,
1438 1654 1680 1705 praesertim

234 1731 339 1767 cum,
375 1720 417 1759 id
456 1720 571 1770 quod
603 1720 893 1770 gravissimum
925 1722 999 1767 est,
1035 1720 1211 1759 eandem
1243 1723 1413 1770 uterque
1446 1720 1680 1759 disserendi

234 1785 469 1824 adhibuerit
506 1785 716 1824 rationem.
776 1783 902 1831 Quod
935 1786 976 1823 ut
1006 1783 1192 1834 probem,
1229 1795 1335 1835 quae
1367 1784 1578 1824 sufficiunt
1607 1795 1681 1824 ex-

235 1849 392 1889 hibebo
424 1852 463 1888 et
493 1850 572 1889 sub
605 1860 688 1889 uno
721 1852 951 1900 couspectu
982 1860 1154 1900 ponam:

323 1936 421 1976 Tac.
453 1947 544 1975 ann.
577 1935 621 1975 ΙΙΙ
652 1936 826 1975 26-28.
1143 1933 1238 1976 Sall.
1270 1934 1356 1976 Cat.
1386 1936 1532 1975 6-13.

293 2012 563 2052 Vetustissimi
677 2011 922 2058 mortalium,
1046 2012 1081 2051 9.
1112 2012 1238 2062 Igitur
1281 2012 1394 2052 domi
1435 2011 1685 2063 militiaeque

231 2077 345 2116 nulla
394 2077 530 2116 adhuc
577 2077 690 2116 mala
745 2076 922 2123 libidine,
992 2076 1091 2116 boni
1117 2088 1253 2117 mores
1282 2077 1524 2117 colebantur
1533 2090 1548 2125 ;
1587 2088 1681 2117 con-

230 2143 319 2182 sine
366 2142 526 2192 probro
585 2142 739 2182 scelere
797 2152 925 2193 eoque
992 2142 1137 2183 cordia
1157 2154 1362 2190 maxuma,
1383 2144 1564 2183 minuma
1584 2154 1681 2183 ava-

230 2209 319 2248 sine
360 2218 501 2258 poena
551 2211 625 2247 aut
665 2208 923 2247 coercitatio-
993 2209 1088 2248 ritia
1105 2211 1214 2255 erat,·
1234 2210 1298 2249 ius
1318 2208 1548 2260 bonumque
1569 2208 1687 2260 apud

231 2272 352 2313 nibus
393 2272 598 2323 agebant:
638 2284 769 2323 neque
797 2283 923 2323 prae·
993 2284 1064 2314 eos
1094 2284 1174 2313 non
1206 2274 1363 2325 legibus
1394 2275 1528 2325 magis
1558 2284 1684 2325 quam

231 2339 323 2377 miis
354 2349 458 2389 opus
488 2341 587 2385 erat,
620 2349 709 2378 cum
751 2339 925 2378 honesta
992 2342 1144 2379 natura
1174 2339 1340 2379 valebat

232 2406 379 2453 suopte
408 2404 569 2454 ingenio
594 2406 833 2454 peterentur
843 2416 857 2450 ,·
888 2406 927 2443 et

232 2468 305 2507 ubi
331 2468 432 2508 nihil
456 2471 599 2508 contra
623 2479 776 2508 morem
806 2479 924 2518 cupe-

234 2536 332 2580 rent,
374 2534 475 2573 nihil
506 2545 586 2584 per
625 2536 773 2574 metum
816 2538 924 2573 veta-

234 2600 397 2639 bantur.

288 2675 341 2714 At
373 2678 599 2725 postquam
636 2676 731 2715 exui
772 2686 924 2726 aequa·
1054 2676 1112 2716 10.
1142 2674 1229 2716 Sed
1261 2675 1334 2716 ubi
1374 2675 1516 2716 labore
1561 2679 1686 2727 atque
