1868 3093
770 231 1040 271 -31-

188 341 363 394 (18,12)
406 342 445 379 et
486 339 682 380 domibus
724 338 806 392 (18,
826 339 870 392 8)
913 341 1124 391 comperta
1173 339 1296 379 habet
1340 340 1489 379 eodem
1532 340 1627 380 loco

186 406 436 458 perstringat
477 406 517 444 et
556 405 621 454 ita,
663 405 804 457 quoad
846 406 886 445 in
928 405 1123 458 gentibus
1165 405 1367 456 deinceps
1402 406 1627 446 tractandis

187 472 327 522 potest
355 470 455 517 fieri,
486 470 539 509 ad
570 470 682 510 illum
713 480 759 510 se
780 470 973 521 applicet.
1023 469 1141 517 Quae
1164 470 1344 521 denique
1366 471 1418 510 de
1441 470 1626 509 locorum

186 536 452 587 gentiumque
489 536 586 575 tunc
621 535 799 575 Africam
837 535 1104 575 incolentium
1141 536 1286 576 ordine
1322 534 1403 587 (19,
1423 534 1550 587 3—6)
1588 537 1627 575 et

186 601 238 640 de
270 599 559 648 Romanorum,
591 600 643 639 de
665 600 891 652 Iugurthae,
922 601 974 640 de
996 600 1153 640 Bocchi
1185 601 1358 650 imperio
1383 599 1466 651 (19,
1487 600 1625 651 7-8),

186 666 384 716 leguntur,
414 665 466 704 iis
496 665 574 704 iam
607 667 890 717 argumentum
912 665 1200 716 spectantibus
1221 665 1275 704 ad
1296 676 1362 705 res
1384 665 1625 716 propositas

186 729 378 769 deflectit.

294 794 382 834 Nec
425 795 683 835 desideratur
722 796 834 846 apud
877 794 1116 836 Sallustium
1151 795 1369 835 fabulosae
1407 795 1623 834 cuiusdam

186 870 292 911 quae
333 871 385 900 ex
426 860 652 901 incolarum
695 861 775 901 vita
817 861 1016 902 arcessita
1058 862 1122 901 est
1156 861 1212 901 rei
1250 861 1437 908 narratio,
1479 859 1625 911 quales

185 924 458 964 Posidonium
489 926 739 976 aliquotiens
771 926 1072 975 interposuisse
1103 926 1283 964 diximus
1314 926 1376 964 sic
1396 924 1481 963 fere
1503 935 1624 974 prae-

184 989 326 1030 fatum:
355 987 458 1029 ἰ’ὄιόν
483 1005 522 1028 τι
542 990 609 1028 καὶ
628 989 863 1042 παράδοξον
883 992 1023 1042 συνέβη
1044 991 1244 1041 γενέσθαι.
1294 989 1398 1029 Nam
1420 990 1624 1040 egregium

185 1058 307 1105 atque
335 1055 523 1095 mirabile
534 1055 703 1106 facinus
727 1054 947 1096 Sallustius
968 1057 1102 1094 narrat
1122 1054 1222 1106 (lug.
1244 1055 1312 1103 79)
1333 1053 1622 1093 Philaenorum

183 1119 358 1168 fratrum,
400 1121 468 1172 qui
511 1121 563 1160 ad
607 1121 760 1171 patriae
794 1121 901 1161 fines
943 1120 1162 1172 augendos
1191 1121 1314 1159 vitam
1345 1119 1622 1171 profuderant,

184 1186 298 1236 quod
340 1196 423 1236 quo
460 1186 638 1226 consilio
675 1186 880 1226 addiderit
910 1196 1037 1237 saepe
1068 1186 1141 1225 viri
1173 1186 1285 1225 docti
1318 1185 1621 1236 quaesiverunt.

185 1250 398 1300 Equidem,
446 1252 668 1301 postquam
711 1252 750 1290 in
793 1251 986 1303 gentibus
1027 1251 1188 1291 Africae
1233 1251 1523 1290 describendis
1566 1251 1618 1289 ad

185 1313 401 1353 Posidonii
438 1315 671 1365 exemplum
705 1314 943 1355 Sallustium
985 1326 1031 1355 se
1064 1316 1392 1355 conformavisse
1428 1315 1620 1361 vidimus,

184 1379 283 1428 quin
325 1379 427 1418 haec
469 1390 637 1430 quoque
679 1381 853 1419 narratio
885 1391 936 1419 ex
966 1381 1153 1419 eiusdem
1191 1380 1405 1429 scriptoris
1436 1380 1619 1418 imitandi

184 1442 321 1482 studio
366 1443 552 1493 profecta
596 1444 648 1483 sit
692 1455 774 1483 non
825 1445 980 1484 dubito.
1053 1443 1189 1483 Primo
1234 1444 1402 1494 quidem
1448 1445 1620 1494 aspectu

184 1518 326 1557 parum
349 1508 389 1548 id
410 1508 498 1548 fieri
520 1509 737 1559 probabile
760 1510 973 1549 concedo:
995 1510 1151 1560 quippe
1175 1510 1345 1549 inseruit
1365 1508 1621 1548 Posidonius

185 1573 390 1612 eiusmodi
413 1573 593 1613 embolia
609 1575 789 1625 gentium
809 1574 1174 1624 descriptionibus,
1196 1572 1471 1614 Sallustianus
1486 1575 1621 1613 autem

184 1647 384 1677 excursus
426 1639 478 1677 ab
509 1638 670 1678 Africae
702 1639 982 1690 descriptione
1013 1650 1185 1689 prorsus
1215 1639 1376 1679 videtur
1405 1641 1621 1689 separatus

184 1703 223 1740 et
271 1702 506 1751 seiunctus;
555 1704 631 1743 sed
680 1706 816 1744 tamen
865 1705 971 1743 hanc
1021 1704 1056 1744 si
1101 1704 1332 1744 accuratius
1377 1704 1621 1754 inspexeris,

184 1767 405 1807 cohaerere
436 1779 528 1808 cum
559 1780 608 1809 ea
633 1769 773 1820 aliquo
794 1772 917 1820 pacto
940 1769 1018 1817 illa,
1049 1780 1154 1820 quae
1178 1770 1230 1809 de
1250 1769 1416 1808 fratrum
1436 1769 1620 1808 facinore

184 1831 381 1883 leguntur,
426 1834 651 1886 intelleges.
721 1834 824 1874 Aras
867 1833 1076 1874 Philaenis
1117 1835 1309 1874 fratribus
1352 1836 1619 1874 consecratas

183 1897 262 1935 iam
305 1901 600 1937 commemorat
641 1910 674 1938 c.
720 1899 778 1946 19,
808 1899 844 1946 3,
886 1900 955 1938 ubi
997 1899 1158 1938 Africae
1202 1900 1388 1939 locorum
1432 1900 1618 1938 ordinem

183 1960 318 2001 affert:
360 1963 412 2003 de
454 1964 548 2014 ipso
590 1966 724 2004 autem
759 1964 948 2004 facinore
988 1965 1057 2004 illo
1089 1964 1183 2004 loco
1215 1975 1425 2015 exponere
1457 1965 1619 2011 mavult,

183 2037 267 2076 quo
303 2027 541 2078 Leptitanos
572 2030 739 2080 attingit.
802 2028 1028 2079 Postquam
1065 2030 1172 2068 enim
1209 2029 1365 2078 Leptim
1404 2029 1618 2078 oppidum,

183 2091 235 2131 de
265 2104 350 2143 quo
382 2104 414 2133 c.
450 2093 547 2142 19,1
590 2094 838 2134 mentionem
874 2094 1093 2139 inchoavit,
1129 2105 1152 2133 a
1188 2092 1373 2134 Sidoniis
1405 2094 1617 2134 conditum

182 2158 388 2209 situmque
419 2160 522 2199 inter
551 2158 691 2211 Syrtes
723 2160 831 2199 cultu
862 2160 1108 2211 legibusque
1141 2158 1352 2200 Sidonicis
1383 2161 1438 2199 uti
1465 2160 1618 2207 docuit,

182 2234 362 2275 pergens
389 2225 464 2264 ita:
494 2223 580 2266 Sed
607 2226 800 2276 quoniam
831 2226 870 2265 in
901 2236 974 2265 eas
1003 2225 1188 2276 regiones
1212 2234 1290 2274 per
1311 2225 1619 2274 Leptitanorum

182 2290 346 2339 negotia
387 2291 575 2337 venimus,
615 2302 696 2331 non
733 2290 942 2342 Indignum
974 2290 1131 2330 videtur
1161 2321 1168 2328 .
1199 2319 1206 2326 .
1238 2321 1245 2328 .
1275 2300 1504 2329 memorare
1534 2321 1542 2329 .
1573 2322 1580 2329 .
1612 2320 1619 2327 .

184 2353 235 2392 de
280 2353 499 2402 Philaenis,
548 2356 701 2405 quibus
750 2357 789 2395 in
839 2357 928 2395 eius
977 2355 1111 2407 gentis
1158 2354 1314 2394 finibus
1363 2365 1456 2394 arae
1507 2356 1620 2394 erant

183 2422 463 2468 consecratae,
493 2422 724 2461 accuratius
756 2421 989 2461 disserendi
1011 2420 1237 2460 occasione
1259 2420 1390 2460 utitur.
1440 2420 1474 2460 A
1496 2419 1617 2460 Posi-

183 2484 312 2523 donio
334 2485 463 2536 igitur,
485 2486 553 2536 qui
571 2487 611 2525 in
628 2487 810 2526 historiis
825 2488 1017 2526 terrarum
1032 2485 1298 2536 gentiumque
1313 2486 1619 2535 descriptiones

183 2559 260 2589 suo
303 2550 387 2591 iure
429 2562 511 2591 uno
555 2553 747 2592 contextu
789 2551 1006 2592 absolvere
1048 2550 1197 2591 solitus
1238 2552 1311 2599 est,
1353 2552 1429 2591 hac
1466 2561 1546 2590 una
1577 2561 1617 2590 re

183 2613 403 2656 Sallustius
453 2617 598 2665 differt,
648 2617 761 2668 quod
812 2618 851 2656 in
901 2616 1090 2668 Ingurtha
1138 2618 1280 2667 utpote
1332 2617 1371 2655 in
1420 2616 1616 2666 peculiari

183 2680 463 2733 descriptione
495 2683 788 2734 componenda
819 2693 1035 2723 excursum
1068 2681 1119 2721 de
1141 2681 1278 2722 Africa
1299 2682 1535 2729 institutum,
1566 2692 1617 2721 ne
