1868 3093
833 227 1101 265 —40-

244 334 364 374 tactis
395 335 472 374 sed
504 335 557 373 ita
587 335 723 382 docet,
754 337 796 374 ut
825 334 1039 375 afferendo
1071 335 1170 386 quid
1201 335 1268 374 alii
1291 335 1343 375 de
1365 336 1430 375 his
1451 335 1688 376 hominibus

245 399 515 448 exhibuerint,
557 400 656 450 quid
694 400 774 450 ipsi
812 400 999 448 dixerint,
1041 400 1140 451 quid
1176 399 1357 448 fecerint,
1400 400 1524 441 nobis
1555 401 1607 441 de
1638 401 1688 440 iis

245 465 426 505 iudicare
458 465 677 516 relinquat;
719 477 770 505 eo
808 466 935 506 modo
968 466 1019 506 de
1052 464 1250 513 Camillis,
1286 463 1557 517 Scipionibus
1588 466 1688 516 quid

245 531 563 571 existimandum
605 531 659 570 sit
699 541 751 570 ex
793 532 887 582 ipsa
928 533 1159 571 narratione
1195 531 1504 583 cognoscimus.
1562 529 1688 577 Quod

245 596 573 636 luculentissime
617 596 915 637 demonstravit
940 596 970 648 J.
1001 595 1190 648 Bruns1),
1232 597 1301 647 qui
1344 596 1454 636 idem
1490 596 1688 636 rationem

245 661 355 701 illam
392 672 416 700 a
444 661 692 713 Thucydide
726 662 948 702 institutam
981 661 1189 700 annalium
1220 661 1446 711 scriptores
1477 660 1689 703 Romanos

245 729 407 767 veteres
443 727 679 767 servavisse
716 727 791 766 etsi
829 737 912 766 non
949 727 1071 766 evicit
1105 728 1241 765 tamen
1273 737 1357 765 non
1387 726 1477 766 sine
1508 726 1690 766 veritatis

246 793 389 842 specie
422 792 610 831 coniecit.

355 857 406 897 At
440 857 690 909 praebentur
725 856 838 908 apud
870 856 1027 897 Livium
1065 857 1303 909 complures
1340 856 1492 909 quibus
1529 856 1581 897 de
1616 856 1687 896 viri

245 924 420 963 alicuius
463 923 639 974 insignis
681 923 898 962 virtutibus
935 925 1004 962 aut
1039 923 1148 962 vitiis
1185 923 1403 973 copiosius
1436 923 1568 974 agitur
1597 922 1690 961 loci.

246 987 366 1036 Quos
408 989 443 1029 si
486 989 676 1028 accurate
718 988 964 1038 inspexeris,
1006 999 1098 1028 cum
1141 998 1299 1027 morum
1337 988 1690 1038 descriptionibus

245 1054 463 1100 absolutis,
505 1053 659 1103 quibus
701 1053 833 1103 prima
874 1053 1041 1103 quidem
1080 1053 1223 1102 specie
1260 1063 1342 1091 non
1373 1053 1563 1092 videntur
1593 1062 1689 1091 esse

249 1118 488 1165 dissimiles,
519 1118 632 1158 nullo
664 1119 788 1168 pacto
819 1128 950 1168 posse
973 1118 1202 1168 comparari
1224 1117 1452 1169 intelleges.
1497 1115 1692 1169 Singulas

246 1185 354 1223 enim
385 1184 553 1222 virtutes
584 1183 649 1222 vel
681 1183 868 1234 singulas
898 1182 1115 1222 facultates
1137 1183 1275 1222 Livius
1305 1183 1518 1233 praedicat
1548 1184 1588 1222 et
1617 1193 1690 1222 eas

246 1249 426 1300 quidem,
469 1247 623 1299 quibus
666 1258 773 1298 quae
810 1248 937 1288 modo
975 1248 1150 1287 narravit
1185 1247 1358 1288 illustret
1393 1250 1433 1287 et
1467 1248 1691 1299 perspicua

247 1314 407 1354 reddat:
450 1324 584 1364 usque
616 1324 667 1352 eo
699 1314 751 1352 de
782 1314 987 1353 universis
1017 1314 1196 1352 virorum
1227 1314 1412 1352 moribus
1444 1316 1483 1352 et
1513 1314 1691 1365 ingeniis

246 1390 330 1418 non
363 1378 539 1418 disserit.
591 1376 844 1429 Comparare
876 1378 971 1417 licet
996 1378 1297 1429 Thucydidem,
1328 1378 1396 1429 qui
1428 1377 1478 1418 IV
1497 1378 1561 1425 81,
1582 1378 1607 1417 2
1638 1378 1689 1417 de

246 1444 445 1484 Brasidae
487 1444 641 1484 iustitia
677 1445 984 1491 commemorat,
1026 1443 1220 1483 videlicet
1256 1446 1298 1483 ut
1333 1454 1502 1483 causam
1538 1443 1691 1490 afferat,

246 1522 318 1550 cur
362 1507 666 1550 Chalcidenses
716 1509 825 1548 hunc
876 1519 998 1559 quern
1049 1509 1252 1548 mitterent
1299 1509 1476 1549 maxime
1521 1509 1690 1561 dignum

246 1576 446 1616 duxerint.
486 1574 635 1614 Verum
668 1576 710 1613 ut
740 1574 831 1625 ipse
864 1574 916 1613 de
944 1574 1021 1614 hac
1044 1584 1084 1613 re
1105 1573 1179 1613 tibi
1200 1575 1470 1625 persuadeas,
1500 1575 1691 1626 singulos

247 1642 345 1681 Livii
378 1641 499 1680 locos
530 1640 707 1680 breviter
737 1640 986 1680 recensebo:

356 1706 420 1745 De
464 1705 613 1745 Valerii
664 1706 832 1755 quidem
883 1706 1063 1755 explicat
1112 1706 1305 1744 comitate
1354 1707 1393 1745 et
1441 1707 1690 1745 humanitate

247 1772 331 1823 (Vll
353 1771 417 1819 33,
443 1769 577 1822 1-4),
608 1781 659 1809 ex
690 1781 772 1820 qua
802 1770 972 1809 militum
1003 1770 1223 1810 alacritatis
1244 1771 1543 1822 pugnandique
1565 1772 1690 1810 studii

247 1848 416 1878 causam
458 1836 615 1887 repetit.
685 1834 749 1876 De
792 1834 836 1876 C.
872 1835 1053 1877 Terentii
1090 1835 1286 1877 Varronis
1328 1835 1547 1888 (XX1125,
1581 1835 1690 1889 18)2)

246 1904 405 1955 origine
442 1905 481 1942 et
516 1902 598 1941 vita
635 1902 770 1949 docet,
813 1903 855 1941 ut
884 1902 1199 1952 perspiciamus,
1241 1902 1456 1952 quomodo
1487 1902 1553 1942 hic
1583 1913 1690 1943 unus

246 1969 427 2009 animum
469 1968 648 2019 potuerit
688 1967 897 2015 inducere,
940 1969 982 2007 ut
1020 1967 1143 2008 talem
1186 1967 1320 2020 legem
1359 1968 1564 2009 suaderet.
1627 1967 1690 2009 De

247 2034 512 2084 Hieronymo,
534 2031 700 2072 Siciliae
724 2044 819 2084 rege
842 2033 986 2084 (XXIV
1002 2033 1038 2080 5,
1061 2035 1072 2070 l
1091 2055 1121 2059 —
1136 2032 1192 2084 5),
1213 2043 1263 2072 ea
1284 2033 1469 2080 eduntur,
1494 2043 1517 2071 a
1538 2034 1691 2083 quibus

247 2099 414 2138 exitium
451 2098 541 2138 eius
578 2097 809 2149 profectum
847 2099 920 2138 est.
978 2096 1107 2138 Porro
1144 2108 1251 2148 quae
1284 2098 1336 2138 de
1369 2097 1559 2138 Antiochi
1592 2098 1690 2149 Epi-

247 2164 397 2214 phanis
442 2163 629 2202 moribus
671 2162 757 2214 (XL
797 2162 869 2214 20)
915 2163 1207 2213 comperimus,
1252 2173 1301 2202 ea
1345 2162 1467 2202 simili
1512 2164 1691 2203 consilio

247 2229 405 2268 Livium
436 2228 655 2268 addidisse
686 2228 775 2275 etsi,
807 2228 904 2279 quia
934 2227 1001 2268 ille
1027 2227 1132 2268 liber
1151 2239 1235 2268 non
1257 2228 1414 2281 integer
1434 2228 1487 2268 ad
1509 2230 1690 2269 nostram

247 2295 421 2334 aetatem
452 2293 689 2344 permansit,
721 2293 993 2333 demonstrari
1025 2294 1177 2344 nequit,
1206 2295 1341 2334 tamen
1368 2294 1463 2334 licet
1487 2295 1691 2335 conicere.

248 2359 358 2400 Idem
397 2359 448 2399 de
486 2359 548 2407 iis,
590 2369 698 2411 quae
732 2359 784 2399 de
815 2358 1046 2399 Hannibale
1078 2359 1277 2412 leguntur,
1318 2360 1582 2400 statuendum
1613 2363 1691 2409 est;

248 2436 341 2465 nam
372 2425 519 2472 XX14,
545 2425 682 2465 3—10
712 2426 764 2465 de
795 2426 887 2465 istis
917 2426 1134 2465 virtutibus
1165 2427 1204 2465 et
1233 2426 1343 2465 vitiis
1373 2425 1512 2466 Livius
1542 2429 1692 2473 monet,

359 2533 384 2575 ¹)
410 2532 512 2572 Quae
537 2533 583 2566 ab
608 2533 678 2567 hoc
706 2532 782 2566 viro
808 2533 918 2566 docto
942 2533 975 2566 in
1000 2533 1105 2566 libro:
1131 2532 1289 2567 Persdnl.
1315 2532 1348 2566 in
1373 2532 1438 2566 der
1461 2531 1692 2567 Geschichts-

247 2586 461 2628 schreibung
491 2587 555 2620 der
577 2587 690 2627 Alten,
726 2586 842 2620 Berol.
868 2596 898 2619 a.
926 2587 1019 2627 1898,
1055 2588 1101 2619 de
1132 2587 1361 2620 describendi
1390 2587 1525 2620 ratione
1548 2587 1692 2620 Liviana

246 2640 427 2683 disputata
450 2641 540 2682 sunt,
566 2649 610 2674 ea
634 2640 954 2683 comprehendisse
978 2640 1066 2674 satis
1090 2640 1245 2674 habebo.

360 2696 383 2734 2)
408 2694 523 2734 Quem
547 2696 665 2730 locum
691 2696 810 2729 omisit
828 2696 855 2739 J.
880 2695 1004 2737 Bruns,
1029 2696 1049 2729 l.
1074 2696 1094 2729 l.
