1868 3093
816 202 1085 242 -33-

225 311 382 361 plicare
417 311 596 351 fortasse
633 310 784 359 licebit,
825 313 867 350 ut
903 322 985 350 non
1018 310 1180 362 Polybii
1213 311 1402 363 vestigiis
1432 310 1670 353 Sallustium

227 376 428 417 institisse
459 377 700 425 statuamus,
733 387 983 428 quamquam
1014 377 1137 428 huius
1167 377 1383 428 scriptoris
1413 378 1605 418 historias
1634 378 1671 418 ei

227 442 392 494 ignotas
422 442 554 483 fuisse
585 453 669 483 non
701 445 765 483 est
795 454 866 483 cur
895 444 1099 494 putemus,
1137 443 1213 483 sed
1245 441 1462 483 Posidonii
1494 444 1672 484 auctori-

226 508 296 547 tati
328 506 489 559 Polybii
523 508 717 559 parentis.

338 573 419 614 lam
441 585 552 621 vero,
577 575 619 614 ut
640 585 746 625 quae
769 573 985 614 effecimus
1007 575 1423 626 comprehendamus,
1446 575 1673 627 contigisse

228 640 325 678 mihi
348 641 529 687 arbitror,
550 642 593 679 ut
613 640 940 686 demonstrarem
963 638 1201 680 Sallustium
1223 640 1450 691 plerosque
1472 650 1673 680 excursus

228 715 333 745 suos
366 704 586 745 Posidonii
623 706 817 756 exemplo
854 706 1123 756 institutoque
1159 706 1398 745 inseruisse.
1456 703 1675 745 Consentit

229 770 351 821 igitur
387 771 500 821 quod
540 770 757 811 effecimus
788 782 881 811 cum
913 769 1054 811 Curtio
1083 769 1366 819 Wachsmuth,
1408 771 1477 822 qui
1508 770 1676 821 scripsit

230 836 333 876 haec
383 836 640 888 (Einleitung
687 837 727 876 in
777 837 855 877 das
905 835 1094 877 Studium
1144 837 1217 877 der
1264 837 1371 876 alten
1421 834 1674 876 Geschichte

230 912 324 953 pag.
345 900 462 953 662):
503 901 620 950 „Von
642 900 899 942 Posidonius
929 903 998 942 hat
1027 913 1071 941 er
1091 903 1158 942 die
1179 902 1555 953 philosophischen
1577 901 1675 941 Ein-

231 966 496 1018 leitungen¹)‚
534 967 601 1007 die
632 967 714 1006 ihm
746 977 819 1018 gar
848 967 961 1006 nicht
991 967 1189 1006 natssrlich
1220 977 1269 1005 zu
1301 965 1499 1006 Gesichte
1529 967 1675 1006 stehen

231 1031 315 1071 und
353 1032 442 1072 sich
479 1032 520 1072 in
557 1032 692 1072 einem
723 1031 886 1072 kleinen
919 1031 1063 1072 Kreise
1094 1032 1412 1080 herumdrehen;
1452 1033 1525 1071 mit
1553 1030 1675 1071 Posi-

231 1097 385 1136 donius
434 1097 521 1136 teilt
565 1108 609 1137 er
653 1097 720 1137 die
764 1097 1151 1137 weitausholenden
1196 1097 1675 1149 sittengesehichtlichen

344 1217 369 1258 ¹)
394 1215 433 1250 C.
458 1216 615 1259 Wagner
649 1216 683 1249 in
718 1216 980 1256 dissertatione,
1016 1224 1121 1257 quam
1157 1215 1298 1256 scripsit
1332 1216 1377 1249 de
1405 1214 1558 1249 Sallustii
1593 1224 1677 1257 pro-

232 1270 430 1303 oemiorum
460 1270 620 1303 fontibus
644 1270 797 1312 (Lipsiae
827 1279 857 1303 a.
885 1270 993 1312 1910),
1030 1270 1284 1304 demonstravit
1307 1269 1506 1304 Sallustium
1531 1271 1566 1303 et
1589 1278 1677 1303 con-

232 1324 413 1357 iuratIonis
438 1323 660 1358 Catilinariae
697 1325 733 1358 et
766 1325 847 1358 belli
877 1324 1063 1368 Iugurthini
1094 1325 1266 1366 prooemii
1296 1324 1471 1367 capitibus
1500 1324 1612 1367 primo
1642 1327 1678 1358 et

232 1379 396 1412 secundo
425 1378 561 1412 fontem
591 1379 801 1413 adhibuisse
827 1378 1012 1413 Posidonii
1037 1379 1301 1421 Protrepticum,
1337 1380 1370 1412 in
1402 1388 1474 1421 quo
1506 1388 1599 1421 quae
1623 1379 1678 1412 hic

232 1442 303 1466 uno
329 1435 497 1467 contextu
521 1436 756 1474 tractavisset,
792 1434 894 1474 illum,
932 1442 976 1467 ne
1006 1434 1132 1467 eadem
1161 1435 1350 1475 repeteret,
1386 1434 1418 1466 in
1444 1434 1533 1467 duas
1558 1434 1677 1475 partes

232 1488 410 1521 divisisse.
450 1488 565 1527 Quam
591 1489 837 1531 quaestionem
863 1488 909 1522 ita
933 1488 1096 1529 absolvit,
1121 1489 1158 1521 ut
1181 1497 1259 1522 cum
1278 1487 1497 1530 Protreptico
1514 1486 1677 1529 Galleno,

232 1543 332 1576 cuius
362 1552 491 1585 magna
520 1552 604 1585 pars
629 1542 827 1577 Posidonio
853 1543 1012 1583 debetur,
1048 1551 1155 1585 porro
1181 1552 1259 1576 cum
1285 1543 1337 1584 iis,
1374 1551 1465 1585 quae
1491 1542 1676 1582 Vitruvius,

231 1595 369 1636 Cicero,
394 1597 543 1638 Seneca,
569 1598 745 1637 Manilius,
771 1597 827 1630 alii
852 1606 897 1630 ex
922 1598 990 1630 hoc
1014 1597 1185 1645 scriptore
1209 1597 1519 1639 deprompserunt,
1544 1605 1676 1636 eorum,

233 1659 325 1691 quae
356 1650 543 1684 Sallustius
574 1651 730 1693 praebet,
766 1651 905 1693 singula
934 1653 1161 1692 compararet.
1209 1651 1336 1693 Neque
1367 1660 1452 1685 vero
1482 1651 1677 1685 sententias

233 1705 421 1739 nonnullas
447 1714 466 1738 e
493 1705 690 1740 Posidonio
716 1706 928 1747 depromere
952 1705 1152 1739 Sallustium
1176 1705 1263 1739 satis
1288 1706 1458 1739 habuisse
1483 1706 1550 1739 sed
1575 1714 1677 1739 usum

233 1767 318 1792 esse
344 1760 530 1793 enarrandi
552 1760 687 1793 ratione
706 1760 860 1802 quadam
877 1760 1049 1793 simillima
1066 1759 1108 1800 ei,
1133 1768 1239 1802 quam
1256 1758 1473 1793 Posidonius
1491 1759 1524 1793 in
1542 1759 1677 1793 deliciis

233 1814 364 1855 habuit,
389 1823 604 1857 cognosces,
629 1815 660 1849 si
684 1815 936 1849 coniurationis
953 1813 1173 1849 Catilinariae
1196 1814 1370 1857 prooemii
1395 1823 1423 1849 c.
1441 1815 1472 1856 2,
1492 1815 1575 1848 1—-2
1599 1823 1677 1849 cum

233 1878 279 1902 eo
316 1878 465 1902 excursu
503 1870 778 1911 comparaveris,
815 1878 921 1911 quem
945 1869 1145 1903 Sallustium
1176 1869 1265 1902 illius
1294 1870 1460 1911 exemplo
1485 1869 1677 1902 instituisse

233 1932 341 1965 supra
366 1925 460 1966 (pag.
478 1923 534 1965 20)
559 1924 727 1957 vidimus:

454 1999 528 2033 Cat.
554 2009 583 2033 c.
608 2001 639 2040 2,
667 2002 698 2032 l:
1211 1999 1285 2034 eat.
1311 2009 1338 2032 c.
1362 2000 1393 2039 6,
1421 2001 1452 2032 1:

289 2075 400 2117 igitur
428 2075 531 2108 initio
556 2083 658 2117 reges
687 2100 693 2106 .
718 2100 725 2107 .
750 2099 755 2106 .
788 2074 926 2108 divorsi
1049 2075 1178 2109 Urbem
1234 2074 1395 2116 Romam,
1451 2075 1560 2109 sicuti
1612 2083 1678 2117 ego

229 2138 320 2170 pars
348 2129 542 2171 ingenium,
579 2130 647 2163 alii
668 2138 800 2171 corpus
821 2138 922 2162 exer·
991 2130 1124 2171 accepi,
1152 2130 1346 2163 condidere
1379 2131 1487 2170 atque
1522 2130 1679 2163 habuere

234 2184 380 2216 cebant:
991 2184 1094 2216 initio
1124 2183 1298 2217 Trovtani
1319 2210 1326 2216 .
1353 2206 1360 2214 .
1386 2208 1393 2214 .

289 2238 396 2271 ettam
426 2240 499 2272 tum
532 2238 604 2272 viia
631 2239 817 2272 bominum
844 2239 924 2272 sine
1047 2248 1077 2272 c.
1101 2239 1137 2272 9:
1174 2238 1368 2272 concordia
1396 2246 1576 2279 maxuma,
1612 2239 1679 2272 mi-

234 2293 431 2334 cupiditate
454 2293 680 2334 agitabatur,·
702 2302 772 2326 saa
796 2294 924 2334 cuique
992 2301 1102 2326 numa
1132 2293 1289 2326 avaritia
1316 2294 1410 2331 erat‚·
1434 2292 1492 2326 ius
1525 2293 1677 2326 bonum-

233 2349 325 2382 satis
343 2348 549 2390 placebant.
991 2356 1061 2391 que
1082 2348 1183 2390 apud
1203 2357 1266 2382 eos
1293 2356 1366 2382 non
1395 2347 1535 2390 legibus
1561 2348 1679 2390 magis

992 2410 1100 2443 quam
1129 2403 1262 2435 natura
1286 2401 1438 2435 valebat.

285 2459 415 2498 postea
468 2465 550 2490 vero
601 2465 709 2499 quam
757 2457 794 2491 in
837 2457 925 2490 AsIa
1048 2466 1078 2490 c.
1099 2456 1152 2490 10:
1176 2456 1243 2490 sed
1263 2456 1327 2490 ubi
1347 2481 1353 2488 .
1375 2482 1381 2489 .
1402 2481 1409 2489 .
1432 2464 1534 2498 reges
1556 2457 1681 2499 magni

237 2512 362 2555 Cyrus,
397 2512 433 2545 in
464 2511 621 2545 Graecia
648 2512 926 2545 Lacedaemonii
994 2511 1087 2545 bello
1128 2512 1262 2551 domiti,
1304 2511 1471 2544 nationes
1504 2510 1609 2552 ferae
1648 2512 1682 2543 et

234 2568 269 2599 et
297 2566 535 2599 AthenIenses
569 2574 716 2608 coepere
745 2566 844 2599 urbis
874 2567 924 2599 at·
988 2565 1120 2607 populi
1147 2566 1309 2608 ingentes
1338 2565 1374 2598 vi
1406 2564 1556 2604 subacti,
1594 2563 1679 2598 Car-

234 2630 303 2663 que
327 2622 495 2655 nationes
517 2620 686 2663 subigere
711 2646 717 2652 .
744 2646 750 2652 .
777 2647 783 2653 .
993 2620 1114 2662 mago,
1160 2620 1305 2653 aemula
1351 2619 1478 2660 imperi
1516 2618 1679 2658 Romani,

994 2675 1041 2708 ab
1063 2675 1173 2716 stirpe
1198 2674 1334 2707 Interiit
1354 2700 1361 2706 .
1388 2700 1393 2706 .
1421 2698 1426 2703 .
