1868 3093
788 198 1056 237 —57-„

204 309 307 350 vitiis
347 314 471 356 quam
511 304 638 343 armis
673 304 888 344 vincentur.

254 501 318 548 26,
344 501 380 538 1:
406 498 500 549 agri
513 508 592 548 pro
612 508 781 537 numero
801 499 888 538 cul-

202 571 332 607 torum
353 563 408 604 ab
428 562 627 603 universis
648 563 746 602 vicis
765 573 889 602 occu-

196 633 361 682 pantur,
409 638 514 679 quos
561 638 658 667 mox
700 628 804 667 inter
843 639 890 668 se

199 694 421 737 secundum
448 693 726 744 dignationem
749 694 888 743 parti-

201 763 322 801 untur
360 790 368 799 .
399 788 406 796 .
437 791 445 798 .
490 768 592 798 arva
632 768 714 809 per
755 769 889 799 annos

199 827 366 865 mutant.

252 890 316 937 29,
346 889 371 928 2
403 886 475 941 (de
507 887 710 941 Batavis):
750 892 891 929 manet

199 956 331 995 honos
370 956 412 994 et
449 954 644 1004 antiquae
677 955 887 995 societatis

199 1021 376 1071 insigne,-
396 1029 492 1059 narn
513 1029 586 1059 nec
605 1018 767 1060 tributis
787 1031 886 1061 con-

199 1087 429 1126 temnuntur
501 1096 573 1125 nec
638 1085 886 1135 publicanus

199 1151 344 1191 atterit.

250 1216 315 1264 30,
334 1216 360 1255 2
381 1214 462 1264 (de
491 1213 685 1268 Chattis):
715 1217 886 1258 duriora

192 1282 308 1332 genti
352 1291 541 1331 corpora,
587 1283 720 1321 stricti
758 1285 884 1329 artus,

196 1347 336 1386 minax
369 1346 502 1385 vultus
531 1349 571 1385 et
596 1347 732 1386 maior
759 1347 888 1387 animi
917 1345 920 1405 J
953 1351 1110 1395 φωναῖς
1136 1347 1350 1398 βαρυηχεῖς
1378 1376 1386 1384 ·
1409 1375 1416 1384 ·

197 1412 320 1462 vigor.
377 1411 555 1460 multum,
580 1415 626 1451 ut
646 1412 750 1452 inter
776 1411 883 1452 Ger-

195 1487 351 1522 manos,
384 1477 557 1516 rationis
586 1488 636 1517 ac
664 1477 881 1518 sollertiae.
915 1525 917 1533 Ι

737 1544 882 1584 audire
915 1538 917 1601 ξ

189 1553 449 1593 praeponere
511 1542 668 1590 electos,

955 306 1069 355 πότῳ
1082 306 1150 343 καὶ
1161 308 1436 355 μεθυσθέντες
1448 304 1506 351 εἰς
1515 305 1642 343 ὕπνον

954 367 978 419 ἢ
1030 370 1245 419 μανιώδεις
1298 370 1506 416 διαθέσεις
1556 373 1642 422 τρέ-

955 447 1113 476 πονται,

1009 499 1073 546 34,
1093 500 1118 539 3
1149 499 1220 551 (de
1242 498 1498 553 Celtiberis):
1530 497 1641 538 οὗτοι

956 563 1030 615 γὰρ
1060 560 1324 603 καθ’ἕκαστον
1353 564 1441 611 ἔτος
1467 565 1640 617 διαιρού-

955 640 1069 676 μενοι
1088 628 1159 678 τὴν
1180 631 1313 678 χώραν
1333 637 1560 681 γεωργοῦσι,
1580 662 1589 670 .
1604 662 1612 670 .
1633 662 1641 670 .

1009 888 1073 936 25,
1108 889 1145 928 l:
1196 886 1250 926 ὧν
1287 886 1450 940 (ἐθνῶν)
1486 888 1526 928 ἓν
1561 889 1643 929 ἐστι

955 952 1060 1005 πρὸς
1076 949 1294 1002 Ῥωμαῖοις
1311 952 1402 1001 ἕχον
1419 957 1643 1005 συγγένειαν

954 1018 1134 1057 παλαιὰν
1164 1018 1228 1057 καὶ
1261 1018 1402 1070 φιλίαν
1430 1019 1501 1071 τὴν
1526 1022 1644 1073 μέχρι

953 1091 1033 1122 τῶν
1090 1082 1295 1135 καθ’ἡμᾶς
1351 1085 1504 1137 χρόνων
1559 1085 1643 1124 δια-

952 1151 1158 1198 μένουσαν.

1008 1215 1072 1264 31,
1097 1216 1135 1255 1:
1159 1214 1274 1254 αὐτοὶ
1295 1211 1409 1255 δἐἰσὶ
1429 1215 1499 1267 τὴν
1521 1217 1642 1268 πρός-

954 1286 1055 1330 οψιν
1095 1281 1411 1332 καταπληκτικοὶ
1451 1282 1518 1319 καὶ
1553 1288 1642 1327 ταῖς

1439 1376 1458 1395 .,
1488 1352 1578 1391 ταῖς
1598 1345 1640 1384 δὲ

952 1409 1149 1456 διανοίαις
1168 1409 1274 1459 ὀξεῖς
1291 1411 1357 1449 καὶ
1381 1410 1486 1463 πρὸς
1504 1413 1639 1463 μάθη-

950 1488 1012 1513 σιν
1060 1475 1130 1513 οὐκ
1178 1475 1332 1527 ἀφυεῖς.
1396 1477 1460 1525 40,
1497 1478 1511 1516 l
1566 1476 1638 1529 (de

949 1540 1209 1595 Tyrrhenis):
1235 1542 1282 1580 τό
1301 1556 1345 1580 τε
1364 1542 1461 1594 περὶ
1479 1542 1572 1588 τοὺς
1597 1541 1637 1592 ἡ-

188 1609 466 1658 praepositos,
497 1639 505 1647 .
525 1638 534 1648 .
555 1639 563 1647 .
593 1608 785 1659 quodque
809 1620 882 1649 ra-
915 1612 917 1648 1
949 1609 1165 1657 γουμένους
1200 1607 1445 1659 στρατηγοὺς
1479 1607 1639 1656 ἀξίωμα

195 1674 398 1713 tissimum
440 1684 512 1713 nec
553 1674 635 1713 nisi
668 1673 883 1716 Romanae
915 1661 918 1734 25
949 1673 1251 1721 κατεσκεύασαν,
1284 1675 1526 1723 περιθέντες
1555 1678 1641 1717 τοῖς

195 1739 437 1788 disciplinae
489 1749 736 1785 concessum,
786 1739 883 1789 plus
950 1737 1184 1787 ἡγουμένοις
1213 1736 1458 1790 ῥαβδούχους
1486 1737 1553 1774 καὶ
1583 1735 1640 1774 δί-

194 1815 390 1855 reponere
437 1805 476 1843 in
526 1804 628 1844 duce
675 1815 798 1856 quam
843 1806 882 1845 in

194 1870 381 1909 exercitu.

247 1935 311 1984 30,
331 1935 373 1975 3:
399 1935 506 1975 alios
530 1935 589 1974 ad
598 1935 803 1985 proelium
824 1936 882 1976 ire

193 2001 345 2046 videas,
372 1998 544 2040 Chattos
568 1999 628 2038 ad
646 1999 792 2039 bellum
813 2031 821 2039 .
842 2031 851 2040 .
871 2032 879 2039 .

952 1816 1053 1855 φρον
1080 1801 1339 1854 ἐλεφάντινον
1369 1836 1377 1844 .
1407 1835 1415 1843 .
1445 1833 1453 1841 .

1003 1934 1068 1981 34,
1092 1934 1135 1972 5;
1167 1933 1363 1985 εὐκίνητοι
1393 1931 1543 1978 δ’ὄντες
1570 1933 1638 1970 καὶ

947 2004 1095 2049 κοῦφοι
1143 1997 1293 2049 ῥᾳδίως
1339 1998 1406 2035 καὶ
1447 1999 1638 2048 φεύγουσι

193 2066 437 2116 equestrium
493 2075 596 2104 sane
647 2064 788 2104 virium
837 2066 883 2105 id
912 2060 915 2113 Ι
947 2063 1014 2100 καὶ
1042 2062 1239 2101 διώκουσι.

187 2131 413 2181 proprium,
441 2130 520 2169 cito
538 2139 692 2179 parere
722 2130 878 2170 victori-
912 2114 931 2182 l

193 2207 270 2243 am,
301 2197 379 2237 cilo
410 2196 563 2236 cedere.

246 2262 310 2310 38,
339 2263 366 2301 4
395 2261 467 2314 (de
498 2260 685 2314 Suebis):
724 2262 881 2313 insigne

186 2329 323 2378 gentis
380 2326 499 2378 (ἰδιόν
554 2329 610 2377 τι)
668 2326 882 2379 obliquare

192 2394 342 2434 crinem
380 2393 572 2444 nodoque
606 2392 882 2445 subtringere:

191 2458 250 2498 sic
278 2457 409 2500 Suebi
431 2470 458 2499 a
484 2459 629 2499 ceteris
650 2457 880 2505 Germanis,

190 2524 250 2564 sic
269 2523 498 2566 Sueborum
523 2524 689 2576 ingenui
705 2534 733 2564 a
751 2524 881 2564 servis

191 2593 441 2641 separantur
468 2621 477 2630 .
507 2621 516 2630 .
545 2621 554 2630 .
586 2590 702 2641 apud
718 2588 880 2631 Suebos

190 2666 319 2706 usque
349 2657 408 2696 ad
435 2657 623 2696 canitiem
649 2656 879 2696 horrentem

1002 2260 1066 2308 28,
1086 2260 1128 2299 2:
1159 2261 1320 2297 τιτάνου
1349 2259 1423 2311 γὰρ
1449 2257 1634 2297 ἀποπλύ-

947 2339 1046 2375 ματι
1072 2331 1247 2375 σμῶντες
1271 2325 1344 2371 τὰς
1368 2326 1507 2377 τρίχας
1528 2336 1634 2362 συνε-

947 2398 1029 2440 χῶς
1054 2390 1137 2430 ἀπὸ
1159 2398 1237 2429 τῶν
1257 2388 1458 2439 μετώπων
1477 2387 1546 2427 ἐπὶ
1562 2389 1633 2440 τὴν

947 2456 1125 2508 κορυφὴν
1181 2456 1249 2493 καὶ
1305 2454 1397 2500 τοὺς
1449 2457 1635 2500 τένοντας

948 2521 1193 2571 ἀνασπῶσιν,
1229 2553 1239 2562 .
1268 2551 1276 2560 .
1306 2552 1314 2561 .
1349 2520 1399 2559 τὰ
1430 2518 1472 2558 δὲ
1502 2522 1635 2570 γένεια

946 2587 1051 2635 τινὲς
1088 2586 1160 2638 μὲν
1201 2588 1410 2639 ξυρῶνται,
1452 2585 1555 2632 τινὲς
1592 2584 1635 2624 δὲ

945 2656 1118 2704 μετρίως
1191 2650 1500 2704 ὗποτρέφουσιν.
1597 2650 1635 2690 οἱ

1394 2726 1434 2759 5*
