1868 3093
808 133 1072 173 -34-

330 241 525 293 Apertam
568 242 720 282 deinde
763 252 870 293 quae
912 242 952 282 in
993 242 1077 282 fine
1119 242 1325 293 epitomae
1368 243 1409 294 (l.
1438 242 1576 295 XLIV)
1608 243 1660 283 de

216 307 444 358 Hispaniae
487 310 527 347 et
567 307 766 359 Hispanis
809 308 999 359 leguntur
1040 307 1257 348 Posidonii
1300 318 1399 358 prae
1440 319 1487 349 se
1527 308 1661 349 ferunt

216 383 372 413 morem
418 374 457 413 et
501 373 639 413 artem.
709 372 865 413 Initium
909 373 1081 414 sumitur
1121 372 1233 424 apud
1275 372 1473 414 lustinum
1514 385 1538 414 a
1580 374 1658 414 situ

216 439 334 479 caelo
364 438 555 490 frugibus
585 440 714 479 terrae
746 439 1032 489 exponendis:
1064 439 1076 478 1
1105 440 1153 479 4:
1183 450 1313 489 neque
1340 442 1386 479 ut
1415 437 1554 480 GaIIta
1585 440 1659 479 ad-

214 503 348 543 sidzu‘s
379 504 507 543 ventis
539 502 774 554 fatigatur,-
810 504 918 544 conf.
949 503 1073 545 Diod.
1104 504 1138 545 V
1166 504 1231 552 26,
1265 505 1307 544 1:
1336 504 1438 543 κατὰ
1466 503 1658 555 πλείστην

214 574 284 620 τῆς
319 568 518 615 Γαλατίας
548 601 556 609 .
587 601 595 609 .
625 599 634 607 .
672 575 788 608 πνεῖν
820 568 1017 608 εἰώθασιν
1060 566 1199 619 ἄνεμοι
1234 570 1471 622 τηλικαύτην
1500 569 1659 618 ἔχοντες

214 632 473 684 σφοδρόδητα
493 634 561 671 καὶ
582 633 761 683 δύναμιν,
794 635 893 672 ὥστε
911 665 918 671 .
943 666 952 674 .
974 666 981 674 .
1009 658 1061 662 -
1086 635 1099 673 Ι
1120 636 1168 674 5:
1197 646 1279 675 non
1291 634 1493 686 frumenti
1503 638 1659 675 tantum

214 709 369 750 magna
400 700 521 750 copia
552 703 622 747 est,
653 711 789 740 verum
810 700 958 747 etvini,
988 700 1118 740 mellis
1138 700 1318 751 oleique,·
1348 700 1471 741 Diod.
1495 700 1530 741 V
1549 701 1659 741 262:

215 760 297 802 οὔτ’
329 760 437 802 οἶνον
468 761 551 803 οὔτ’
582 763 716 803 ἔλαιον
747 767 872 816 φέρει.
910 789 959 793 -
992 765 1004 805 Ι
1034 766 1076 805 4:
1113 766 1249 806 med1‘a
1278 767 1383 807 inter
1410 765 1591 817 Africam
1622 769 1663 806 et

217 828 398 870 Gallmm
430 833 655 880 temperato
686 831 839 870 colore:
874 829 998 871 Diod.
1019 830 1053 871 V
1082 831 1146 879 25,
1171 832 1211 870 2:
1242 830 1283 883 (ἡ
1305 831 1500 882 Γαλατία)
1530 833 1660 880 χειμέ-

215 895 301 946 ριός
351 893 434 932 ἐστι
488 895 555 932 καὶ
608 896 744 946 ψυχρὰ
802 895 1088 946 διαφερόντως.
1131 918 1182 924 -
1224 896 1236 935 Ι
1278 896 1320 935 6:
1374 896 1659 936 abstrusorum

214 961 472 1001 metallorum
493 959 641 1011 felices
671 960 859 1005 divitiae;
892 992 899 1000 .
929 992 937 999 .
968 992 975 999 .
1007 972 1148 1001 amnes
1170 962 1360 1012 plerique
1380 962 1524 1001 divites
1544 972 1660 1007 aum,

214 1026 329 1076 quod
357 1026 397 1065 in
420 1025 645 1075 palacibus
675 1025 841 1072 vehunt;
882 1024 1006 1065 Diod.
1037 1026 1069 1065 V
1091 1026 1155 1073 36,
1185 1027 1226 1065 2:
1268 1024 1393 1064 ὄντων
1418 1026 1567 1073 χαλκοῦ
1591 1025 1657 1062 καὶ

215 1097 361 1141 χρυσοῦ
390 1090 457 1128 καὶ
488 1090 662 1142 ἀργύρου
691 1090 898 1139 μετάλλων
928 1093 1187 1140 θαυμαστῶν,
1218 1123 1226 1131 .
1249 1122 1285 1130 ..
1315 1092 1436 1139 37,3;
1468 1089 1592 1129 ἐνίοτε·
1617 1088 1659 1128 δὲ

215 1156 282 1194 καὶ
322 1158 480 1205 βάθους
521 1155 770 1205 ἐμπίπτουσι
814 1163 1017 1205 ποταμοῖς
1060 1156 1215 1207 ῥέουσιν
1251 1155 1331 1194 ὑπὸ
1373 1156 1443 1207 τὴν
1474 1156 1543 1207 γὴν
1575 1187 1583 1195 .
1613 1186 1621 1194 .
1652 1188 1659 1195 .

216 1222 469 1273 ἀπαρύτουσι
512 1222 585 1267 τὰς
631 1220 761 1273 ῥύσεις
795 1229 873 1259 τῶν
918 1220 1070 1260 ὑδάτων
1112 1228 1197 1267 τοῖς
1226 1220 1517 1272 Αἰγυπτιακοῖς
1551 1221 1660 1272 λεγο-

213 1290 351 1336 μένοις
379 1287 567 1332 κολλίαις.
598 1310 650 1315 ——
693 1287 705 1325 1
736 1288 783 1327 7:
825 1298 969 1327 cursus
1000 1289 1178 1327 amnium
1208 1298 1288 1327 non
1319 1290 1517 1326 torrentes
1545 1288 1660 1336 rapi-

215 1353 348 1403 dique,
391 1355 436 1391 ιιιι
473 1354 659 1399 noceant,
699 1352 777 1390 sect
816 1352 926 1391 lenes
968 1355 1008 1391 et
1046 1352 1171 1391 vineis
1212 1352 1449 1402 comptis-que
1488 1352 1661 1402 langui,-

215 1417 338 1457 DiOd.
370 1417 404 1457 V
432 1417 559 1465 25‚3:
591 1416 755 1454 πολλῶν
787 1414 829 1453 δὲ
859 1416 924 1453 καὶ
949 1417 1132 1466 μεγάλων
1164 1424 1359 1464 ποταμῶν
1390 1416 1561 1467 ῥεόντων
1592 1416 1659 1453 διὰ

214 1488 284 1534 τῆς
328 1481 527 1527 Γαλατίας
566 1480 634 1518 καὶ
675 1487 760 1527 τοῖς
801 1480 986 1533 ῥείθροις
1026 1481 1226 1527 ποικίλως
1265 1480 1334 1532 τὴν
1375 1479 1551 1519 πεδιάδα
1587 1480 1658 1532 γὴν

213 1548 448 1596 τεμνόντων.
492 1570 538 1573 -
585 1546 613 1586 ll
649 1547 712 1587 10:
743 1547 930 1586 marinae
971 1557 1111 1594 aurae,
1152 1546 1301 1596 quibus
1331 1578 1338 1585 .
1369 1578 1377 1585 .
1408 1576 1415 1583 .
1446 1547 1660 1586 eventilato

215 1613 397 1653 terrestri
424 1613 571 1663 spiritu
596 1613 826 1662 praecipua
856 1611 1087 1651 hominibus
1115 1612 1278 1652 santtas
1302 1612 1507 1658 redditum·
1536 1610 1660 1651 Diod.

215 1679 249 1718 V
284 1678 342 1726 10,
372 1679 408 1717 l:
439 1683 524 1722 τοῖς
544 1677 728 1727 λουτροῖς
752 1674 951 1728 χρώμενοι
971 1676 1217 1727 παραδόξως
1236 1675 1360 1727 ὑγιεῖς
1379 1678 1660 1715 καθίστανται.

325 1743 458 1784 Variis
490 1744 670 1794 denique
702 1754 808 1794 quae
840 1742 1082 1794 Hispaniam
1125 1744 1310 1784 incolunt
1348 1744 1541 1795 gentibus
1572 1744 1659 1783 dis-

214 1810 353 1848 tinctis
384 1812 453 1847 aut
483 1819 506 1847 a
527 1807 732 1858 Pompeio
753 1808 894 1859 Trogo
926 1811 994 1847 aut
1023 1809 1075 1847 ab
1107 1811 1273 1847 auctore
1305 1809 1395 1848 eius
1425 1819 1509 1847 rem
1539 1808 1660 1847 fabu-

215 1875 349 1914 losam
380 1874 433 1913 ad
464 1875 678 1912 ventorum
721 1873 801 1911 vim
845 1874 1115 1922 pertinentem
1158 1874 1441 1923 interpositam
1483 1883 1578 1912 esse
1611 1883 1662 1912 ex

214 1940 397 1991 epitoma
441 1939 730 1990 cognoscitur;
772 1940 986 1977 ventorum
1028 1937 1205 1978 Galliam
1246 1938 1506 1989 perflantium
1539 1938 1660 1977 mira-

215 2006 340 2044 bilem
381 2005 463 2043 vim
506 2004 646 2043 laudat
687 2002 902 2043 Diodorus
933 2003 966 2042 V
995 2003 1059 2049 26,
1097 2004 1127 2042 1.
1170 2026 1219 2030 —
1266 2002 1388 2053 Apud
1434 2001 1660 2043 Gallaecos

213 2070 392 2109 feminae
434 2079 501 2108 res
544 2068 800 2108 domesticas
842 2078 1117 2119 agrorumque
1161 2068 1341 2107 culturas
1375 2068 1661 2108 administrant

214 2134 371 2184 (1117);
413 2133 645 2172 recorderis
688 2133 809 2171 velim
852 2143 1005 2179 eorum,
1047 2143 1153 2182 quae
1196 2133 1308 2182 apud
1339 2131 1570 2171 Diodorum
1608 2133 1659 2171 de

215 2198 433 2252 Liguribus
463 2197 628 2238 feminis
660 2198 700 2237 in
731 2207 832 2249 agro
864 2197 1135 2248 operantibus
1166 2196 1436 2248 proferuntur.
1468 2220 1516 2226 —
1549 2196 1659 2238 Idem

214 2263 401 2305 Gallaeci
434 2263 498 2315 (lll
528 2262 573 2313 8)
604 2263 760 2303 nullum
801 2263 927 2302 telum
958 2263 1148 2313 probant,
1178 2263 1293 2312 quod
1325 2273 1408 2301 non
1439 2265 1508 2302 aut
1536 2263 1658 2303 Bibili

212 2330 340 2368 fluvio
386 2331 454 2367 aut
499 2326 686 2378 Chalybe
736 2328 951 2379 tinguatur,
1004 2327 1101 2377 quia
1154 2337 1287 2377 aquae
1336 2329 1661 2378 temperamento

213 2394 361 2434 ferrum
406 2394 543 2433 acrius
587 2393 705 2432 reddi
751 2395 916 2443 putant;
961 2392 1106 2432 eadem
1152 2393 1204 2433 de
1251 2403 1378 2440 causa
1426 2391 1660 2433 Celtiberos

213 2459 362 2498 ferrum
394 2459 433 2496 in
464 2461 610 2497 terram
642 2458 842 2497 defodere
873 2457 1088 2497 Diodorus
1120 2461 1253 2498 narrat
1283 2458 1316 2498 V
1336 2459 1400 2506 33,
1420 2459 1457 2496 4.

323 2523 422 2562 Mos
453 2523 573 2573 igitur
602 2526 642 2563 et
670 2534 738 2563 ars
768 2523 1064 2571 Posidoniana‚
1095 2524 1230 2574 qualis
1261 2525 1395 2563 exstat
1418 2524 1530 2574 apud
1555 2522 1660 2563 Dio-

213 2591 372 2634 dorum,
403 2589 484 2626 tam
516 2588 734 2627 manifesto
766 2589 1098 2639 deprehenditur,
1129 2591 1209 2627 tam
1230 2589 1371 2639 aperte
1401 2588 1465 2627 vel
1496 2588 1661 2640 singula
