1868 3093
796 225 1063 265 -55-

207 335 316 375 enim
348 345 371 374 a
403 334 579 377 Romulo
618 335 781 376 Herculi
820 334 1020 375 factorum
1056 336 1257 386 originem
1289 336 1414 375 docet
1443 347 1505 383 eo,
1537 335 1650 385 quod

206 399 389 440 tabulam
422 400 473 440 de
496 399 690 440 Euandro
722 402 762 441 et
783 399 957 441 Hercule
988 399 1194 452 vulgatam
1217 400 1358 441 inserit
1379 400 1462 450 (17,
1481 400 1652 451 4—15);

209 477 333 517 porro
372 468 596 517 postquam
634 466 893 517 pestilentiae
930 466 1144 506 sedandae
1176 476 1304 506 causa
1334 465 1494 505 clavum
1523 466 1651 517 figere

209 532 476 570 constitutum
520 541 616 570 esse
653 531 810 576 rettulit,
848 530 926 577 (Vll
956 531 994 578 3,
1013 530 1140 582 5—8)
1171 530 1271 581 quid
1302 532 1541 581 spectantes
1572 531 1650 570 iam

209 596 323 646 prius
346 595 518 637 Romani
551 597 628 636 hac
650 597 901 636 caerimonia
923 597 985 636 usi
1008 597 1090 637 sint
1110 606 1287 637 excursu
1309 596 1361 636 ad
1383 606 1449 637 res
1470 599 1653 636 narratas

209 661 307 700 nihil
333 662 561 711 pertinente
584 662 777 701 ostendit.
820 661 880 700 Ex
901 662 1051 701 eodem
1072 662 1210 701 animo
1233 661 1400 701 Liviano
1423 661 1448 700 ii
1471 661 1653 711 denique

209 737 411 766 excursus
454 727 535 766 nati
578 730 683 774 sunt,
726 727 879 777 quibus
921 738 1053 767 rerum
1095 737 1201 778 quae
1243 737 1322 767 suo
1362 728 1548 778 tempore
1580 736 1652 766 ex-

210 794 435 839 creverunt,
478 802 605 842 parva
646 793 759 832 initia
801 804 923 843 quam
966 793 1275 833 accuratissime
1307 794 1347 832 et
1376 802 1477 832 suae
1508 792 1653 831 aetatis

210 857 410 897 rationem
434 858 595 898 ducens
616 858 826 898 describit.
870 856 1000 899 Cuius
1021 858 1189 909 quidem
1210 859 1266 898 rei
1288 857 1549 897 inveniuntur
1569 857 1653 896 duo

211 922 420 972 exempla:
452 920 665 973 Originem
697 923 805 962 enim
837 923 1019 963 ostendit
1049 923 1231 962 luxuriae
1261 921 1446 975 (XXXIX
1471 922 1507 970 6,
1528 920 1654 972 7-9)

210 998 233 1027 a
286 987 430 1027 Manlii
486 988 666 1027 exercitu
721 988 760 1027 in
805 988 947 1028 urbem
989 989 1187 1035 invectae,
1241 998 1363 1038 quam
1405 998 1482 1027 sua
1522 988 1653 1027 aetate

211 1052 521 1091 corroboratam
558 1062 654 1091 esse
685 1053 825 1092 verbis
862 1056 1001 1092 monet
1043 1053 1124 1092 his:
1171 1052 1242 1092 Vix
1271 1055 1405 1092 tamen
1435 1052 1517 1098 illa,
1547 1061 1656 1102 quae

211 1120 293 1157 tum
333 1116 700 1167 conspiciebantur,
736 1119 894 1158 semina
930 1120 1051 1158 erant
1069 1116 1239 1168 futurae
1269 1117 1465 1157 luxuriae.
1524 1115 1653 1156 Simili

212 1182 340 1220 modo
372 1182 643 1221 clarissimam
669 1182 779 1220 illam
806 1182 895 1221 libri
918 1182 1082 1232 septimi
1104 1182 1409 1232 expositionem
1433 1180 1655 1226 concludit,

212 1257 294 1297 qua
332 1245 384 1297 (c.
414 1247 450 1293 2,
471 1246 623 1296 4-13)
661 1246 786 1287 ludos
823 1248 1044 1287 scaenicos
1081 1249 1303 1287 nascentes
1342 1249 1382 1287 et
1417 1248 1654 1286 crescentes

212 1313 495 1362 persequitur:
536 1313 644 1352 Inter
679 1313 855 1352 aliarum
889 1323 1028 1363 parva
1057 1313 1264 1363 principia
1299 1323 1432 1352 rerum
1467 1312 1655 1351 ludorum

212 1388 374 1428 quoque
403 1378 543 1427 prima
584 1377 702 1427 origo
731 1377 931 1427 ponenda
967 1379 1056 1417 visa
1092 1381 1161 1426 est,
1197 1381 1241 1417 ut
1269 1380 1499 1427 appareret,
1531 1387 1655 1427 quam

213 1443 266 1482 ab
309 1453 415 1482 sano
458 1443 572 1482 inttio
608 1453 674 1481 res
703 1443 744 1482 in
773 1443 881 1482 hanc
911 1444 977 1482 vix
1005 1443 1208 1492 opulentis
1237 1443 1373 1493 regnis
1403 1441 1654 1481 tolerabilem

212 1508 418 1547 insaniam
456 1507 615 1547 venerit.
679 1507 959 1548 Annumerare
999 1508 1094 1548 licet
1124 1508 1153 1547 ll
1190 1508 1387 1555 14,1-4‚
1430 1507 1498 1546 ubi
1530 1507 1656 1546 moris

214 1573 430 1612 cuiusdam
462 1571 673 1611 Porsenae
717 1573 828 1612 bona
863 1573 1084 1620 vendendi,
1125 1573 1194 1624 qui
1227 1572 1296 1611 illo
1328 1572 1379 1611 de
1410 1582 1494 1623 quo
1525 1571 1658 1622 agitur

212 1640 398 1688 tempore
453 1639 566 1677 ortus
621 1649 755 1688 usque
797 1639 849 1677 ad
893 1638 992 1677 Livii
1034 1640 1208 1678 aetatem
1250 1639 1466 1685 manserat,
1515 1637 1656 1688 ignota

214 1704 372 1755 origine
403 1703 560 1753 aliquid
592 1704 742 1743 certius
773 1703 918 1743 afferre
951 1705 1131 1743 conatur.

324 1789 490 1837 Quibus
521 1790 573 1830 de
605 1791 711 1830 locis
742 1790 850 1830 idem
875 1791 988 1841 quod
1012 1791 1063 1830 de
1086 1790 1282 1830 brevibus
1304 1790 1384 1829 illis
1405 1799 1510 1840 quas
1533 1799 1658 1839 supra

215 1856 537 1896 commemoravi
594 1855 938 1895 adnotationibus
997 1855 1314 1895 existimandum
1368 1857 1446 1895 est:
1500 1854 1656 1905 quippe

214 1921 407 1971 propriae
438 1920 602 1960 fuerunt
632 1920 840 1959 annalium
872 1921 1117 1971 scriptorum
1150 1919 1438 1968 Romanorum,
1470 1930 1577 1970 quos
1604 1920 1655 1958 de

215 1985 340 2025 rebus
384 1986 436 2024 ad
480 1986 759 2035 antiquitatem
804 1985 1089 2035 spectantibus
1131 1996 1339 2036 exponere
1382 1985 1532 2025 solitos
1562 1995 1658 2024 esse

215 2052 319 2089 inter
360 2060 506 2089 omnes
554 2052 726 2089 constat.
797 2048 982 2097 Quorum
1026 2054 1067 2089 ut
1110 2051 1177 2089 vix
1222 2060 1471 2101 quemquam
1518 2050 1657 2089 studio

215 2116 396 2155 docendi
429 2115 684 2154 abstinuisse
717 2116 799 2154 veri
833 2115 965 2155 simile
997 2118 1070 2162 est,
1102 2116 1154 2155 ita
1180 2113 1373 2156 Cassium
1396 2113 1658 2165 Heminam1)

216 2181 267 2220 de
317 2181 511 2220 institutis
553 2181 697 2231 populi
731 2180 915 2227 Romani,
958 2183 999 2219 ut
1041 2181 1093 2220 de
1125 2181 1321 2220 nundinis
1351 2181 1410 2230 (fr.
1445 2181 1506 2228 14)
1537 2183 1576 2219 et
1606 2180 1658 2219 de

217 2246 598 2285 intercalationibus
629 2246 718 2293 (18),
751 2245 789 2285 L.
822 2244 1017 2285 Pisonem
1034 2245 1065 2297 2)
1098 2246 1149 2285 de
1181 2257 1294 2286 more
1318 2246 1658 2286 lectisterniorum

218 2311 315 2361 (25),
358 2309 430 2350 Cn.
474 2310 654 2351 Gellium
672 2310 704 2362 3)
750 2312 802 2350 de
845 2312 969 2350 initiis
1012 2312 1239 2351 literaturae
1281 2312 1421 2363 egisse
1462 2311 1658 2361 reliquiae

218 2376 381 2415 docent.
440 2374 549 2422 Quin
581 2376 702 2415 etiam
735 2376 959 2415 nonnullos
991 2376 1196 2415 eiusmodi
1228 2386 1429 2416 excursus
1460 2386 1541 2415 una
1566 2387 1658 2415 cum

218 2441 449 2480 narratione
494 2441 606 2480 alteri
652 2441 843 2491 scriptori
889 2441 942 2480 ab
988 2441 1115 2480 altero
1160 2441 1333 2480 traditos
1377 2450 1473 2481 esse
1516 2441 1658 2480 iterum

328 2584 352 2622 1)
379 2581 495 2620 Peter,
521 2581 598 2615 hist.
623 2581 723 2618 Rom.
748 2582 807 2615 rel.
833 2590 914 2624 pag.
938 2582 991 2622 99,
1020 2582 1091 2615 101.

327 2636 354 2678 ²)
380 2635 493 2676 Peter,
518 2635 538 2668 l.
564 2636 582 2667 l.
608 2644 689 2678 pag.
718 2635 788 2676 129,
818 2636 887 2671 137.

328 2691 352 2730 ³)
378 2689 490 2730 Peter,
515 2690 534 2722 1.
560 2690 579 2722 1.
605 2698 683 2732 pag.
714 2689 783 2723 165.
