1868 3093
764 245 1031 285 -59-

182 345 316 396 primo
337 345 586 387 Britanniam
616 350 807 401 ingresso
837 363 904 392 res
934 354 974 392 in
1005 354 1082 393 hac
1112 353 1246 393 insula
1267 364 1399 404 usque
1421 353 1473 393 ad
1496 352 1615 405 Agri-

180 410 300 450 colae
345 411 566 452 adventum
611 416 752 465 gestas
795 418 1107 467 comprehendit
1149 417 1201 469 (c.
1236 417 1428 470 13—-17);
1472 419 1615 458 iterum

183 475 374 515 conferas
405 474 654 525 Sallustium,
695 480 764 529 qui
801 480 915 519 initio
952 483 1118 531 sumpto
1151 482 1203 520 ab
1233 483 1298 521 his
1327 484 1482 523 verbis:
1531 481 1618 523 Sea'

182 541 254 590 qai
281 541 479 581 mortales
513 543 626 583 initio
655 542 837 595 Africam
866 544 1084 584 habuerint
1110 575 1117 582 .
1148 575 1154 582 .
1186 578 1193 585 .
1222 548 1421 587 variarum
1452 547 1614 588 Africae

181 606 361 657 gentium
398 607 608 648 historiam
645 609 699 649 ita
735 609 897 657 subicit,
938 611 981 649 ut
1017 621 1049 649 c.
1085 610 1132 649 19
1168 612 1337 660 perinde
1367 622 1414 652 ac
1445 612 1614 652 Tacitus

181 671 245 710 ad·
265 682 330 712 res
361 672 605 724 interruptas
637 674 839 715 deflectat.
898 674 1122 726 lnterponit
1149 674 1328 723 Tacitus,
1364 679 1405 716 ut
1441 678 1519 716 iam
1551 678 1614 717 di-

183 747 275 776 cere
317 737 581 786 institueram,
622 738 674 790 (c.
710 739 775 792 12)
806 740 973 779 brevem
1010 740 1062 779 de
1092 741 1220 779 terrae
1252 740 1400 780 incolis
1429 741 1615 794 frugibus

180 803 425 853 tempestate
468 804 782 855 expositionem,
826 796 990 857 qualem
1037 803 1274 846 Sallustium
1319 808 1615 857 praeposuisse

182 867 234 918 (c.
260 869 318 916 17,
348 869 474 920 5—6)
505 880 632 920 supra
661 869 772 923 (pag.
793 870 865 923 30)
896 871 1087 910 vidimus.

290 932 492 974 Probatur
539 935 580 975 id
630 938 670 975 et
714 936 977 976 confirmatur
1020 937 1144 976 altera
1189 937 1463 988 digressione,
1512 948 1616 987 quae

181 1000 360 1038 occurrit
388 999 481 1051 Agr.
506 1000 571 1040 28.
628 1000 955 1041 Posidonianum
988 1002 1253 1041 describendi
1285 1002 1454 1040 modum
1486 1003 1618 1052 respi-

182 1064 357 1104 cientem
399 1076 483 1105 non
525 1065 577 1105 de
618 1064 755 1106 Atrica
796 1067 923 1106 modo
966 1064 1204 1107 Sallustium
1248 1067 1499 1117 exposuisse
1543 1067 1617 1106 sed

181 1130 301 1169 etiam
339 1131 542 1182 egregiam
573 1134 695 1182 atque
723 1131 910 1172 mirabile
936 1131 1106 1183 facinus
1134 1143 1158 1171 a
1189 1131 1397 1171 Philaenis
1427 1131 1619 1171 fratribus

180 1195 220 1233 in
251 1195 328 1234 hac
348 1197 453 1235 terra
473 1195 706 1236 confectum
728 1197 960 1237 narravisse
986 1207 1112 1247 supra
1133 1197 1411 1236 demonstravi
1435 1195 1546 1248 (pag.
1567 1197 1618 1236 25

181 1262 220 1299 et
240 1250 323 1310 31).
366 1260 543 1301 Invicem
565 1259 746 1302 Sallustii
777 1263 1005 1302 auctoritati
1032 1272 1183 1313 parens
1203 1261 1373 1302 Tacitus
1394 1262 1618 1302 embolium

182 1325 407 1376 quoddam,
438 1337 523 1377 quo
552 1327 735 1367 cohortis
756 1326 981 1378 Usiporum
1001 1338 1195 1379 magnam
1216 1330 1338 1378 atque
1357 1326 1621 1367 memorabile

173 1389 346 1441 facinus
376 1392 665 1442 comperimus,
696 1392 776 1432 sibi
807 1393 1096 1433 subiciendum
1128 1393 1343 1432 existimat.
1391 1392 1455 1432 Ad
1486 1394 1619 1443 ipsam

183 1457 455 1497 narrationem
486 1458 594 1497 adeo
625 1458 723 1497 nihil
754 1459 930 1509 pertinet
958 1458 1058 1498 illud
1082 1458 1256 1506 facinus,
1286 1460 1329 1498 ut
1349 1459 1545 1509 quamdiu
1567 1458 1619 1497 ad

181 1520 362 1562 Sallustii
385 1523 620 1574 exemplum
642 1524 683 1563 id
705 1524 981 1563 revocandam
1003 1534 1099 1563 esse
1122 1534 1205 1563 non
1228 1525 1458 1571 constabat,
1490 1524 1619 1563 maxi-

181 1598 287 1627 mam
319 1590 502 1628 moveret
531 1588 819 1637 offensionem,
856 1591 998 1639 utpote
1034 1589 1148 1640 quod
1179 1590 1269 1629 sine
1301 1589 1382 1628 ulla
1412 1588 1618 1639 probabili

182 1663 309 1692 causa
343 1653 549 1693 videretur
584 1664 680 1694 esse
716 1653 964 1705 insertum1).
1020 1653 1169 1694 Verum
1207 1655 1310 1693 inter
1344 1654 1617 1693 narrationem

180 1718 391 1759 Taciteam
422 1719 474 1759 ad
506 1719 810 1772 digressionem
841 1717 1131 1760 Sallustianam
1162 1720 1203 1759 id
1234 1720 1410 1759 maxime
1441 1719 1617 1766 interest,

181 1785 295 1835 quod
332 1785 434 1824 haec
466 1785 626 1837 seiungi
659 1786 800 1836 nequit
828 1786 882 1825 ab
913 1786 975 1833 iis,
1011 1796 1117 1837 quae
1149 1786 1200 1825 de
1231 1784 1368 1825 Africa
1398 1786 1437 1824 in
1468 1785 1614 1824 eodem

181 1850 286 1889 libro
324 1851 587 1901 praebentur;
630 1862 721 1891 cum
752 1850 985 1891 Britanniae
1021 1853 1156 1891 autem
1193 1850 1472 1901 descriptione
1503 1849 1614 1888 nullo

180 1916 347 1955 vinculo
370 1917 593 1956 cohaerent
613 1927 672 1965 ea,
700 1927 806 1967 quae
828 1917 938 1967 apud
959 1916 1146 1956 Tacitum
1169 1916 1220 1955 de
1243 1915 1410 1954 militum
1432 1914 1613 1954 facinore

181 1980 391 2020 habentur.
462 1981 607 2032 Neque
657 1982 764 2021 enim
814 1992 865 2021 ex
908 1992 990 2021 uno
1036 1980 1218 2021 imitandi
1263 1979 1401 2020 studio
1445 1979 1613 2018 embolii

181 2056 348 2086 causam
394 2047 658 2098 repetendam
704 2057 798 2087 esse
842 2046 906 2086 vel
951 2057 1002 2086 ex
1041 2045 1179 2085 verbis
1221 2045 1354 2085 elucet
1394 2055 1418 2083 a
1459 2044 1612 2094 quibus

180 2112 336 2152 initium
381 2112 553 2152 sumitur
599 2113 663 2153 his
712 2110 764 2164 (c.
804 2111 893 2164 32):
941 2111 1083 2151 eadem
1127 2112 1285 2151 aestate
1327 2110 1475 2150 cohors
1520 2109 1614 2150 Usi-

173 2188 324 2227 porum
451 2177 607 2227 quippe
638 2187 743 2227 quae
774 2177 882 2216 illius
911 2176 1121 2216 scribendi
1148 2176 1322 2227 generis,
1353 2175 1466 2226 quod
1488 2175 1614 2225 paulo

181 2245 278 2294 post
308 2243 490 2283 historiis
521 2244 560 2282 et
581 2242 801 2282 annalibus
822 2241 1128 2293 componendis
1149 2241 1346 2289 adhibuit,
1376 2241 1614 2280 memoriam

291 2332 315 2371 ¹)
340 2330 512 2364 Consulto
547 2329 704 2362 Tacitum
742 2329 789 2362 de
823 2328 944 2371 Usipis
982 2328 1158 2362 rettulisse
1194 2327 1276 2361 inde
1312 2335 1484 2370 apparere
1519 2328 1614 2360 recte

180 2384 392 2419 Gudemann
427 2385 498 2426 (ed.
527 2384 672 2418 Tacitus
701 2383 816 2417 Berol.
853 2392 883 2416 a.
911 2383 1004 2423 1902,
1039 2383 1149 2426 praet.
1177 2391 1257 2425 pag.
1280 2383 1315 2420 7)
1351 2383 1481 2422 monet,
1517 2382 1614 2423 quod

181 2439 357 2483 Calgacus
382 2449 409 2474 c.
433 2440 477 2473 32
499 2439 545 2473 ad
570 2447 637 2473 eos
661 2439 856 2478 revertitur;
885 2438 1037 2481 graviter
1059 2446 1145 2472 vero
1170 2439 1269 2479 errat,
1294 2437 1391 2479 quod
1415 2445 1460 2470 ex
1484 2437 1615 2469 eodem

180 2495 260 2529 loco
285 2495 320 2529 id
344 2494 552 2537 scriptorem
576 2494 698 2537 egisse
722 2493 839 2535 efficit,
863 2495 900 2527 ut
922 2493 1077 2527 bellandi
1100 2491 1207 2527 artem
1224 2492 1408 2535 Agricolae
1424 2491 1615 2525 illustraret.

180 2549 381 2584 Britanniae
405 2551 522 2583 autem
546 2549 796 2591 descriptionis
820 2557 965 2582 causam
989 2548 1116 2590 repetit
1139 2556 1185 2581 ex
1203 2546 1387 2580 Menandri
1411 2547 1617 2588 praecepto,

182 2612 254 2645 quo
279 2602 338 2647 (lX
361 2603 441 2647 223)
472 2603 648 2638 eiusmodi
677 2603 850 2646 ἐκφράσεις
878 2602 912 2636 in
936 2602 1138 2636 laudatione
1162 2601 1289 2643 requiri
1313 2600 1511 2634 contendit:
1546 2600 1618 2634 sci-

180 2658 271 2699 licet,
306 2660 343 2692 ut
365 2658 552 2701 Agricolae
578 2658 819 2692 laudationem
841 2657 1002 2691 Tacitum
1030 2656 1219 2698 scripsisse
1244 2655 1382 2697 probet.
1417 2654 1617 2689 Sallustium

180 2721 327 2753 prorsus
352 2713 484 2748 omittit.
1007 2712 1011 2714 '
