1868 3093
280 735 361 790 De
403 734 653 800 Sallustii,
700 736 843 799 Livii,
887 735 1050 790 Taciti
1095 736 1536 807 digressionibus,

301 875 534 928 Scriptores
576 878 769 928 antiquos
811 879 851 917 et
880 876 1069 918 Graecos
1114 879 1153 917 et
1183 877 1349 917 Latinos
1392 878 1461 928 qui
1504 879 1630 928 paulo

191 943 384 982 intentius
415 943 589 994 perlegit
619 953 701 982 non
733 953 823 982 raro
854 942 1003 991 haeret,
1034 953 1126 982 cum
1149 943 1339 982 narrandi
1371 953 1535 982 cursum
1568 944 1629 982 in—

190 1008 310 1048 sertis
341 1008 592 1059 quibusdam
623 1008 749 1048 rebus
778 1007 842 1048 vel
874 1008 1016 1048 leviter
1057 1018 1149 1047 cum
1187 1010 1428 1060 argumento
1459 1010 1628 1059 proprio

190 1074 362 1114 conexis
393 1074 456 1113 vel
489 1073 611 1124 plane
642 1074 694 1113 ab
726 1074 821 1124 ipso
852 1074 1037 1113 instituto
1059 1074 1205 1114 alienis
1234 1074 1347 1113 videt
1377 1084 1472 1114 esse
1504 1075 1627 1114 inter-

188 1141 359 1191 ruptum.
409 1138 543 1187 Quam
558 1140 901 1179 consuetudinem
924 1139 1036 1190 apud
1057 1140 1247 1191 singulos
1269 1140 1494 1190 scriptores
1516 1140 1625 1179 haud

189 1215 426 1257 congruere,
465 1206 588 1244 immo
620 1205 742 1244 alium
774 1205 813 1243 in
844 1215 893 1244 ea
924 1215 964 1244 re
997 1215 1088 1244 cum
1120 1205 1200 1244 alio
1232 1205 1355 1256 longe
1387 1206 1624 1256 discrepare

188 1281 280 1309 cum
298 1271 367 1321 qui
384 1270 448 1309 vel
471 1270 605 1309 minus
628 1270 844 1321 diligenter
860 1279 936 1309 eos
953 1271 1165 1320 comparat
1180 1269 1302 1309 facile
1318 1270 1625 1318 animadvertat,

188 1335 435 1386 quibusnam
478 1346 529 1375 ex
565 1335 689 1375 rebus
719 1335 818 1374 varii
861 1335 950 1375 eius
992 1335 1118 1375 moris
1160 1345 1288 1375 causa
1318 1336 1543 1386 repetenda
1573 1336 1626 1376 sit

189 1401 403 1450 quaeritur.
462 1400 600 1450 Itaque
631 1411 722 1439 cum
753 1400 977 1438 nemodum
1020 1400 1135 1448 quod
1177 1400 1306 1438 sciam
1338 1401 1378 1438 in
1409 1402 1626 1439 universas

187 1465 401 1516 scriptoris
431 1464 606 1504 alicuius
643 1464 929 1516 digressiones
971 1474 1076 1514 quas
1119 1464 1261 1504 dicunt
1300 1466 1531 1505 accuratius
1562 1466 1625 1504 in-

187 1531 409 1582 quisiverit,
440 1530 645 1582 equidem,
681 1530 837 1581 quippe
869 1529 937 1580 qui
970 1529 1022 1569 de
1053 1529 1248 1569 omnibus
1279 1540 1401 1582 agere
1433 1530 1625 1581 opusculi

187 1597 389 1649 angustiis
430 1597 483 1636 ad
524 1598 689 1646 tempus
730 1595 962 1646 prohibear,
1004 1606 1112 1635 nunc
1155 1596 1325 1636 omissis
1363 1596 1510 1636 ceteris
1542 1596 1626 1636 cla—

186 1663 441 1702 rissimorum
486 1662 732 1712 scriptorum
775 1659 1063 1708 Romanorum,
1106 1659 1300 1709 Sallustii,
1343 1661 1453 1709 Livii,
1494 1661 1625 1701 Taciti

186 1737 387 1767 excursus
419 1727 653 1766 disserendi
685 1727 839 1765 ratione
871 1726 1224 1776 comprehendere
1261 1727 1441 1766 animum
1473 1727 1625 1766 induxi.

186 1791 319 1843 Atque
350 1792 404 1831 ita
434 1792 624 1842 quaestio
655 1791 815 1830 videtur
844 1791 1095 1831 instituenda
1135 1801 1242 1838 esse,
1284 1794 1326 1830 ut
1367 1792 1510 1831 ordine
1549 1803 1625 1831 eos

184 1859 406 1897 tractantes
451 1868 714 1909 quaeramus,
764 1868 856 1897 cum
908 1856 1061 1907 quibus
1097 1857 1275 1908 quisque
1322 1857 1427 1897 locis
1472 1858 1624 1908 quidve

184 1925 383 1974 spectans
413 1933 436 1963 a
466 1923 685 1975 proposito
722 1923 962 1975 egrediatur,
1003 1925 1086 1963 turn
1118 1925 1322 1974 quatenus
1364 1923 1542 1974 quisque
1584 1924 1624 1962 in

186 1989 520 2041 digressionibus
569 1989 831 2029 instituendis
881 1989 932 2028 ab
978 1989 1150 2029 aliorum
1195 1989 1388 2040 exemplo
1432 1990 1624 2040 pendeat.

183 2054 329 2105 Neque
345 2056 480 2101 tamen
504 2056 545 2093 ut
564 2055 659 2093 huic
679 2054 912 2107 quaestioni
936 2054 1241 2094 satisfaciamus
1264 2056 1303 2093 in
1321 2055 1474 2094 Latinis
1496 2055 1623 2094 modo

184 2119 308 2159 nobis
330 2129 425 2159 esse
446 2119 705 2166 versandum,
726 2129 866 2157 verum
888 2119 1008 2158 etiam
1031 2117 1230 2166 Graecos,
1252 2130 1426 2169 quorum
1447 2120 1623 2171 vestigia

184 2186 287 2224 inter
317 2184 501 2223 eruditos
533 2185 695 2223 constat
725 2194 808 2222 non
840 2184 975 2222 minus
1017 2184 1057 2222 in
1089 2184 1279 2222 narrandi
1311 2185 1467 2223 ratione
1499 2195 1619 2234 quam

183 2250 224 2289 in
260 2250 366 2301 ipsis
398 2249 522 2289 rebus
552 2250 722 2289 narratis
752 2249 863 2300 apud
894 2248 989 2288 illos
1022 2248 1289 2299 deprehendi,
1332 2249 1455 2288 nobis
1487 2250 1619 2299 respi-

184 2316 359 2355 ciendos
391 2326 486 2355 esse
517 2316 585 2354 vix
615 2316 678 2354 est
708 2315 821 2365 quod
852 2325 1052 2354 moneam.

498 2413 531 2453 1.
561 2413 626 2454 De
657 2410 874 2455 Sallustii
903 2409 1295 2465 digressionibus,

291 2488 350 2528 Ac
376 2489 550 2539 primum
581 2489 748 2539 quidem
781 2488 832 2527 de
864 2487 1195 2540 digressionibus
1227 2485 1489 2527 Sallustianis
1520 2489 1619 2538 quid

183 2555 500 2594 existimandum
522 2555 575 2594 sit
599 2556 641 2594 ut
662 2554 935 2605 exquiramus,
963 2565 1045 2593 non
1071 2553 1122 2592 ab
1148 2553 1329 2593 historiis
1352 2564 1457 2604 quas
1479 2554 1621 2594 dicunt

182 2620 305 2660 nobis
327 2619 680 2671 proficiscendum
702 2620 785 2668 erit,
816 2629 1064 2671 quamquam
1091 2618 1293 2669 plurimos
1315 2629 1517 2660 excursus
1548 2631 1621 2671 per

183 2695 255 2725 eas
286 2685 501 2736 dispersas
541 2685 672 2725 fuisse
714 2685 910 2735 reliquiae
952 2684 1114 2731 docent,
1151 2684 1228 2724 sed
1270 2684 1323 2724 ab
1354 2685 1435 2725 illis
1467 2686 1535 2735 qui
1568 2686 1620 2725 de
