1868 3093
818 103 1090 143 —30-

342 210 384 250 ld
406 222 574 262 quoque
593 210 945 258 commemorabo,
966 211 1099 262 prima
1117 212 1252 251 statim
1270 212 1398 252 verba
1410 212 1541 252 Taciti
1559 210 1613 263 (2,
1626 211 1681 260 6):

226 277 421 317 inclutum
442 277 481 316 in
504 276 629 318 Creta
651 276 768 317 Idam
792 279 979 323 montem,
1010 276 1178 317 accolas
1201 277 1351 317 Idaeos
1381 280 1502 318 aucto
1523 278 1563 318 in
1586 276 1680 317 bar-

226 342 374 381 barum
417 344 683 391 cognomento
722 342 900 381 Iudaeos
936 342 1141 381 vocitari.
1169 373 1211 381 ..
1254 342 1492 381 memoriam
1535 342 1680 382 afferre

227 405 445 447 Posidonii
477 406 654 447 dicentis
686 405 828 459 (Diod.
855 406 889 446 V
915 407 980 455 32,
1006 408 1064 456 4);
1103 404 1423 456 ὀνομαζομένους
1452 405 1495 446 δὲ
1531 411 1680 457 Κιμμε-

226 474 349 522 ρίους,
385 473 553 517 τούτους
582 467 697 520 εἶναι,
733 472 860 523 βραχὺ
895 478 967 509 τοῦ
1002 471 1147 524 χρόνου
1181 471 1253 523 τὴν
1287 472 1395 520 λέξιν
1431 473 1681 523 φθείραντος

229 535 269 575 ἐν
299 544 346 588 τῇ
371 544 451 575 τῶν
472 537 729 586 καλουμένων
751 539 942 590 Κίμβρων
963 538 1231 590 προσηγορίᾳ;
1261 548 1387 589 porro
1408 548 1468 587 ea,
1499 548 1606 589 quae
1627 538 1679 578 de

226 606 356 643 terrae
389 604 469 643 situ
499 604 740 654 finibusque
778 606 1153 644 commemorantur
1182 603 1237 655 (6,
1269 602 1307 656 l)
1343 606 1526 655 apertam
1557 603 1679 644 Posi-

226 669 434 709 donianae
467 669 785 709 consuetudinis
816 680 916 720 prae
947 680 994 710 se
1024 670 1309 710 ferre'notam.
1360 668 1524 709 Deinde
1556 680 1606 709 ne
1638 670 1679 709 id

225 734 395 784 quidem
427 745 528 774 casu
548 734 702 774 tactum
724 745 821 774 esse
843 736 1089 783 censuerim,
1119 736 1162 775 ut
1181 734 1351 775 Tacitus
1373 736 1413 774 in
1435 735 1679 775 Hammonis

227 800 520 839 contumeliam
558 810 581 838 a
617 799 782 839 ludaeis
823 801 989 839 arietem
1033 810 1202 839 caesum
1245 810 1340 840 esse
1377 802 1510 839 narret
1546 799 1600 852 (4,
1627 801 1679 849 5),

226 875 345 905 suem
377 876 569 917 magnam
601 866 653 905 ab
675 864 883 905 Antiocho
905 865 1043 905 Mosis
1074 866 1265 916 asinique
1285 866 1508 906 simulacro
1531 866 1679 906 immo-

225 931 347 970 latam
378 941 474 971 esse
506 930 687 981 proferat
717 929 976 970 Posidonius
1007 930 1147 982 (Diod.
1168 930 1334 970 XXXIV
1360 932 1391 978 1,
1413 930 1470 982 4).

337 995 517 1037 Possum
539 996 656 1047 plura
678 996 835 1045 afferre,
865 996 942 1036 sed
964 996 1017 1036 ad
1038 996 1210 1036 annales
1232 997 1463 1048 transgredi
1485 998 1679 1047 praestat.

509 1115 545 1154 4.
588 1114 657 1154 De
689 1115 935 1155 annalium
968 1115 1386 1167 digressionibus.

337 1202 471 1253 Atque
508 1204 550 1242 ut
587 1203 730 1242 iterum
767 1203 820 1241 ab
852 1203 902 1242 iis
940 1203 1008 1253 qui
1047 1203 1086 1242 in
1119 1203 1331 1242 hominum
1373 1203 1559 1243 moribus
1602 1203 1677 1243 de-

224 1269 462 1308 scribendis
488 1270 704 1308 versantur
728 1269 834 1308 locis
860 1268 1133 1316 exordiamur,
1165 1269 1217 1308 de
1238 1268 1409 1308 Tiberio
1440 1269 1608 1319 quidem
1640 1270 1679 1308 et

226 1332 491 1383 Germanico,
521 1335 575 1374 ad
607 1345 716 1385 quos
748 1345 814 1374 res
844 1335 884 1373 in
916 1335 1059 1385 primis
1081 1334 1130 1374 Vl
1156 1334 1272 1374 libris
1295 1336 1478 1374 narratae
1501 1334 1675 1373 maxime

224 1400 458 1448 referantur,
496 1402 660 1440 servato
696 1400 905 1439 annalium
930 1400 1188 1451 ‚scriptorum
1230 1411 1344 1439 more
1379 1399 1567 1439 Tacitum
1604 1410 1677 1439 ex-

225 1466 424 1516 posuisse
474 1466 785 1505 accuratissime
840 1466 1138 1505 demonstravit
1185 1465 1216 1517 J.
1265 1464 1411 1505 Bruns.
1428 1463 1458 1516 1)
1530 1465 1676 1515 Neque

225 1531 422 1571 omnibus
451 1531 550 1571 viris
587 1531 878 1571 describendis
914 1532 1021 1570 hanc
1051 1531 1231 1570 servavit
1264 1530 1481 1570 rationem:
1521 1531 1676 1580 quippe

223 1596 410 1636 nonnulli
440 1596 514 1635 viri
548 1596 807 1643 inducuntur,
840 1596 910 1646 qui
942 1596 1113 1635 minoris
1144 1595 1312 1646 quidem
1344 1597 1439 1635 sunt
1469 1595 1677 1643 momenti,

223 1671 347 1711 quam
380 1663 423 1700 ut
452 1661 558 1710 ipsis
595 1661 720 1700 rebus
757 1661 929 1700 narratis
960 1661 1060 1710 quid
1098 1661 1151 1700 de
1187 1661 1237 1700 iis
1273 1661 1591 1700 existimandum
1625 1661 1677 1700 sit

226 1726 363 1776 possit
394 1725 573 1773 ostendi,
605 1735 780 1775 quorum
811 1726 947 1764 tamen
970 1725 1138 1776 ingenio
1160 1726 1302 1764 natura
1322 1725 1508 1764 moribus
1529 1725 1676 1764 adum-

225 1792 354 1831 bratis
398 1793 437 1831 et
474 1791 706 1842 designatis
749 1791 918 1830 tristium
963 1801 1095 1830 rerum
1137 1791 1410 1830 narrationem
1451 1791 1595 1830 variari
1638 1793 1677 1830 et

223 1857 421 1908 distingui
463 1855 634 1895 Tacitus
677 1866 760 1895 non
807 1854 1070 1907 ignoravit.²)
1147 1854 1241 1903 Qua
1287 1856 1327 1895 in
1371 1866 1414 1896 re
1455 1856 1508 1895 ad
1549 1857 1675 1896 artem

224 1920 517 1962 Sallustianam
554 1932 601 1962 se
638 1921 922 1969 conformavit,
963 1922 1018 1961 ita
1061 1922 1229 1972 quidem
1266 1922 1308 1961 ut
1344 1921 1450 1962 duas
1491 1932 1598 1973 quae
1634 1922 1674 1962 in

222 1985 400 2027 Catilina
441 1988 604 2026 exstant
645 1987 951 2037 descriptiones
982 1987 1182 2026 imitando
1219 1986 1443 2039 effingeret,
1481 1988 1522 2026 id
1560 1988 1675 2038 quod

222 2054 292 2093 diu
334 2053 527 2092 viderunt
569 2052 643 2091 viri
689 2052 813 2091 docti.
889 2050 1023 2102 Atque
1068 2062 1191 2102 quam
1234 2052 1452 2104 diligenter
1492 2050 1675 2093 Sallustii

221 2118 398 2170 vestigia
429 2117 601 2157 Tacitus
639 2117 839 2168 presserit
874 2118 916 2156 ut
951 2117 1042 2168 ipse
1079 2117 1235 2165 videas,
1272 2128 1378 2168 quae
1414 2117 1468 2158 ab
1504 2118 1585 2158 hoc
1622 2118 1675 2158 de

225 2249 315 2282 chez
334 2248 507 2292 josephe,
530 2247 569 2281 B.
594 2247 665 2281 lud.
690 2247 733 2280 lv
756 2246 788 2288 8,
812 2247 842 2287 4,
872 2247 930 2289 qui
955 2256 976 2281 a
999 2256 1086 2281 sans
1110 2247 1220 2282 doute
1245 2247 1351 2291 copie
1376 2257 1422 2282 un
1446 2249 1570 2282 auteur
1593 2248 1673 2290 plus

221 2303 359 2343 ancien,
396 2304 428 2336 le
463 2302 578 2336 meme
614 2301 746 2343 auquel
774 2301 897 2335 Tacite
932 2301 994 2335 fait
1028 2302 1177 2336 allusion
1213 2311 1277 2344 par
1311 2302 1364 2336 les
1399 2304 1494 2337 mots
1541 2304 1675 2336 veteres

220 2359 396 2391 auctores.
456 2357 637 2391 Peut-etre
673 2356 819 2400 s'agit-il
854 2356 900 2390 de
936 2356 1167 2398 Posidonios,
1203 2357 1362 2400 quoique
1393 2356 1547 2392 Strabon
1582 2356 1674 2392 dans

224 2413 372 2446 l'extrait
395 2413 478 2455 qu'il
503 2413 624 2446 donne
649 2412 696 2446 de
721 2413 778 2445 cet
794 2412 917 2445 auteur
933 2412 1138 2446 mentionne
1155 2412 1394 2454 simplement:
1420 2412 1504 2455 οὖρα
1521 2415 1575 2443 καὶ
1590 2411 1673 2443 ἄλλα

222 2465 359 2506 δυσώδη
384 2469 437 2510 ’ὑγχ
448 2470 478 2498 ά.

333 2522 359 2563 ¹)
384 2521 714 2564 Untersuchungen,
738 2530 819 2563 pag.
843 2520 984 2555 71-83,

333 2576 359 2617 ²)
407 2576 478 2609 ibd.
503 2585 585 2618 pag.
609 2576 662 2610 70.
