1868 3093
812 202 1082 241 —73-

229 309 433 361 pertinent
462 310 708 351 excursibus
750 310 995 362 collegimus
1037 312 1240 361 quatenus
1282 311 1322 349 in
1365 319 1438 349 eas
1480 318 1586 360 quae
1629 308 1669 347 in

230 375 493 426 expositione
524 376 617 426 ipsa
646 377 865 415 occurrunt
885 376 1170 427 digressiones
1191 375 1413 415 conveniat
1440 374 1670 414 videamus,

339 438 399 480 Ac
429 440 604 491 primum
635 439 803 491 quidem
832 439 1070 491 frequentes
1105 441 1146 480 in
1176 440 1359 481 historiis
1392 439 1564 480 inveniri
1595 449 1668 479 ex-

231 506 467 556 positiones
507 505 629 544 altius
670 504 865 554 repetitas
905 515 989 544 non
1030 507 1094 544 est
1134 516 1205 544 cur
1244 506 1443 545 miremur.
1501 504 1671 545 Scilicet

229 570 283 610 ad
313 568 487 622 Augusti
517 571 705 621 tempora
734 568 985 620 aliquotiens
1017 569 1158 609 redeat
1185 568 1355 609 Tacitus
1386 580 1562 610 necesse
1592 571 1666 617 est,

229 637 272 675 ut
301 646 367 676 res
399 637 581 675 narratas
624 634 797 675 illustret
837 636 876 674 et
916 634 1163 685 perspicuas
1204 634 1348 674 reddat
1388 634 1669 686 (153,11124,

231 700 260 740 11
286 700 416 751 1-4).
473 699 690 741 Accedunt
710 699 794 739 duo
817 698 910 747 loci,
932 698 1085 750 quibus
1113 698 1286 750 Augusti
1308 700 1451 739 aetatis
1473 700 1669 739 memoria

230 766 402 818 repetita
432 776 497 807 res
524 765 727 818 quasdam
754 766 851 806 tunc
870 763 1003 806 factas
1023 764 1103 805 sub
1124 764 1332 816 prioribus
1354 765 1668 816 imperatoribus

229 842 313 871 non
354 832 548 871 evenisse
590 832 896 878 commemorat,
938 830 1034 869 dico
1080 829 1177 878 189,
1219 830 1245 869 6
1281 832 1321 869 et
1350 829 1436 869 116.
1506 829 1669 877 Quibus

228 896 497 937 adnumerare
524 894 761 944 licet11158,
789 894 871 944 ubi,
891 896 1114 946 postquam
1131 896 1298 935 auctore
1316 892 1495 935 Sisenna
1508 894 1669 935 tratrem

231 962 283 1001 ab
305 962 444 1012 equite
465 963 653 1000 necatum
676 961 988 1011 praemiumque
1019 961 1072 999 ab
1103 971 1155 999 eo
1177 961 1347 1010 petitum
1369 970 1465 1000 esse
1487 962 1671 1007 narravit,

232 1026 527 1067 inreverentiae
558 1026 653 1066 huic
674 1026 882 1066 inauditae
903 1025 1103 1066 acriorem
1133 1025 1246 1076 apud
1268 1024 1447 1065 maiores
1469 1024 1671 1065 scelerum

229 1092 527 1132 conscientiam
550 1091 774 1143 componit.
824 1090 971 1131 Differt
991 1090 1244 1141 aliquantum
1266 1090 1301 1130 si
1323 1101 1407 1129 non
1429 1092 1671 1142 argumento

228 1159 268 1198 at
289 1159 397 1198 certe
417 1157 550 1197 forma
574 1157 640 1197 ille
663 1167 874 1205 excursus,
905 1168 989 1208 quo
1015 1156 1276 1207 imperatoris
1296 1155 1445 1196 Vitellii
1466 1156 1670 1196 fortunam

231 1225 371 1263 monet
400 1223 536 1263 adhuc
567 1233 663 1263 esse
694 1223 929 1270 inauditam,
967 1223 1020 1262 ita
1049 1224 1185 1262 tamen
1216 1224 1259 1261 ut
1287 1222 1433 1273 populi
1463 1232 1593 1262 voces
1624 1232 1670 1261 se

228 1289 423 1339 persequi
454 1288 618 1328 simulet
647 1287 817 1340 (11168).
874 1287 1023 1327 Vitellii
1054 1288 1162 1327 enim
1196 1290 1353 1327 maesta
1395 1298 1487 1327 cum
1517 1287 1670 1327 familia

228 1354 280 1394 de
302 1353 459 1393 Palatio
490 1355 530 1393 et
559 1354 791 1404 principatu
813 1353 1109 1393 descendentis
1131 1364 1273 1393 casum
1304 1363 1380 1393 eos
1401 1354 1470 1403 qui
1493 1354 1668 1393 circum-

227 1421 337 1459 stant
376 1419 533 1459 inducit
574 1419 913 1459 commiserantes
960 1419 1122 1459 dicens:
1169 1418 1255 1458 Nec
1295 1419 1512 1469 quisquam
1561 1418 1668 1458 adeo

228 1495 360 1524 rernm
381 1484 652 1524 humanarum
673 1485 887 1534 immemor,
908 1495 1025 1535 quem
1046 1495 1126 1524 non
1148 1487 1417 1525 commoveret
1435 1484 1506 1524 illa
1521 1482 1668 1535 facies,

226 1549 455 1593 Romanum
477 1550 706 1600 principem
731 1552 771 1590 et
791 1550 956 1601 generis
981 1550 1152 1589 humani
1163 1550 1294 1600 paulo
1327 1553 1421 1590 ante
1450 1550 1668 1597 dominum,

227 1615 367 1656 relicta
378 1614 577 1666 fortunae
593 1614 692 1655 sede
704 1626 782 1665 per
795 1616 1003 1665 populum,
1018 1626 1099 1665 per
1116 1615 1255 1655 urbem
1275 1616 1384 1655 exire
1408 1615 1459 1655 de
1488 1616 1668 1665 imperio.

226 1680 343 1720 Nihil
365 1682 447 1721 tale
470 1680 666 1727 viderant,
691 1680 791 1720 nihil
814 1680 1043 1721 audierant.
1088 1679 1207 1728 Quae
1233 1681 1385 1721 deinde
1410 1681 1462 1720 de
1487 1681 1668 1731 priorum

227 1746 519 1796 imperatorum
539 1745 646 1784 vitae
668 1745 911 1795 imperiique
931 1744 1014 1784 tine
1036 1745 1243 1784 adduntur
1264 1755 1514 1795 quamquam
1536 1746 1670 1795 ipsius

227 1811 442 1863 scriptoris
456 1810 594 1851 verbis
609 1812 829 1859 narrantur,
842 1812 979 1850 tamen
993 1820 1016 1850 a
1030 1810 1189 1862 populo
1209 1811 1293 1849 tum
1314 1810 1424 1850 dicta
1443 1810 1671 1850 sentiuntur

227 1878 267 1915 et
296 1876 595 1927 intelleguntur.
626 1876 728 1915 ¹Hic
775 1876 896 1927 igitur
935 1876 1066 1926 prima
1103 1876 1455 1925 deprehendimus
1496 1877 1672 1927 vestigia

228 1940 336 1981 illius
367 1941 464 1981 artis
494 1941 556 1981 sic
587 1941 826 1992 exponendi
857 1941 978 1992 quasi
1009 1942 1181 1993 agantur
1211 1951 1277 1981 res
1308 1952 1393 1981 non
1430 1941 1549 1992 quasi
1581 1951 1669 1980 nar-

227 2008 372 2053 rentur,
403 2016 525 2056 quam
556 2009 681 2046 artem
708 2010 849 2045 notum
881 2008 945 2046 est
973 2006 1161 2045 Tacitum
1193 2007 1233 2045 in
1253 2007 1474 2046 annalibus
1505 2007 1671 2058 egregie

227 2070 476 2111 excoluisse.

335 2136 509 2177 Maioris
544 2137 678 2176 autem
720 2136 772 2176 ad
810 2136 1095 2187 quaestionem
1135 2136 1438 2176 absolvendam
1475 2137 1670 2177 momenti

226 2203 323 2242 sunt
343 2212 448 2252 quae
471 2203 633 2242 exstant
652 2200 682 2240 11
702 2201 766 2250 38,
797 2201 849 2241 de
870 2200 1023 2252 quibus
1053 2202 1096 2240 ut
1124 2201 1380 2241 adnotationi
1412 2201 1468 2240 illi
1495 2203 1671 2242 annexis

226 2268 306 2307 iarn
337 2267 587 2307 mentionem
618 2267 821 2307 inchoavi.
865 2266 1091 2318 Postquam
1122 2267 1230 2306 enim
1261 2267 1314 2307 de
1344 2277 1494 2318 magna
1524 2278 1606 2317 qua
1631 2270 1671 2307 et

227 2332 377 2372 milites
409 2333 448 2371 et
475 2332 606 2386 duces
626 2334 710 2371 tum
730 2332 880 2371 fuerint
899 2333 1107 2383 potentiae
1129 2332 1336 2383 cupidine,
1367 2333 1409 2371 ut
1442 2332 1669 2382 scriptores

227 2397 322 2437 illos
364 2396 576 2445 refelleret,
607 2398 776 2446 monuit,
817 2397 1058 2437 dominandi
1094 2398 1200 2438 hanc
1235 2397 1500 2449 cupiditatem
1542 2397 1583 2437 in
1624 2408 1668 2437 re

226 2463 396 2512 publica
416 2461 602 2505 Romana
632 2464 871 2502 nascentem
893 2464 933 2502 et
957 2465 1211 2502 crescentem
1234 2463 1425 2502 ostendit.
1469 2460 1576 2509 Quis
1606 2468 1670 2502 est

227 2527 292 2568 cui
323 2527 426 2568 haec
456 2537 524 2567 res
553 2538 637 2567 non
667 2527 811 2568 atterat
839 2528 1077 2568 memoriam
1099 2525 1292 2575 Sallustii,
1323 2527 1391 2578 qui
1423 2529 1463 2567 et
1491 2528 1533 2567 in
1555 2525 1669 2569 Cati-

227 2593 309 2633 lina
339 2594 590 2645 depravatos
620 2595 677 2634 rei
707 2593 902 2645 publicae
932 2605 1070 2635 mores
1100 2596 1139 2634 et
1168 2595 1208 2633 in
1230 2593 1420 2646 Iugurtha
1447 2595 1671 2634 certamina

226 2659 363 2699 civilia
398 2670 450 2699 ex
480 2659 633 2710 quibus
669 2660 792 2700 initiis
829 2659 1016 2711 profecta
1049 2659 1319 2711 persequitur.
1378 2658 1514 2700 Facile
1550 2661 1672 2713 igitur
