1868 3093
779 223 1047 262 -37-

193 346 289 376 esse
331 337 406 376 etsi
449 344 584 385 neque
625 343 677 372 ex
718 332 839 371 huius
880 332 1139 371 historiarum
1181 331 1365 382 reliquiis
1407 342 1543 382 neque
1584 342 1635 371 ex

194 400 308 441 libris
348 399 536 446 Diodori,
578 398 647 449 qui
689 397 839 449 iisdem
879 407 1047 448 semper
1087 397 1226 437 verbis
1269 397 1482 437 transitum
1529 397 1636 444 facit,

193 467 332 516 potest
372 465 493 511 effici,
532 466 670 502 tamen
712 462 753 501 id
795 462 963 512 quidem
1004 462 1206 510 videmus,
1249 461 1478 513 Polybium,
1516 463 1635 502 cuius

194 530 388 570 historias
414 527 667 568 continuavit
687 525 953 574 Posidonius,
976 537 1284 577 nonnumquam
1315 528 1499 567 similiter
1530 528 1634 567 inci-

194 606 302 644 pere.
361 592 445 634 Sed
476 594 568 643 ipse
597 592 670 631 tibi
701 592 958 642 persuadeas
988 592 1133 631 velim:

304 656 391 698 Cat.
429 658 469 696 5:
517 657 583 697 De
627 657 742 696 cuius
783 656 959 696 hominis
1000 655 1184 701 moribus
1220 666 1363 706 pauca
1399 657 1521 707 prius
1564 667 1634 696 ex-

188 723 408 775 plananda
446 725 551 769 sunt,
592 732 716 773 quam
757 722 911 762 initium
952 722 1157 762 narrandi
1186 721 1367 773 faciam,·
1408 721 1495 762 Pol.
1526 721 1561 761 X
1593 723 1634 761 2:

192 788 403 838 μέλλοντες
432 787 603 840 ἱστορεῖν
633 788 683 825 τὰ
711 788 954 839 πραχθέντα
980 787 1150 838 Ποπλίῳ
1181 820 1189 827 .
1210 817 1247 828 ..
1277 784 1493 838 α’ναγκαῑον
1521 786 1634 838 ἡγού-

192 856 303 903 μεθα
343 852 388 892 τὸ
429 859 727 905 προεπιστῆσαι
767 853 859 899 τοὺς
900 850 1119 898 ἀκούοντας
1160 851 1230 890 ἐπὶ
1270 852 1340 904 τὴν
1380 851 1532 904 αἵρεσιν
1568 853 1633 890 καὶ

194 921 311 971 φύσιν
341 916 533 970 τ’ἆνδρός.
575 942 625 946 ——
667 918 749 971 lug.
779 919 849 958 95:
888 917 976 959 Sed
1002 919 1197 970 quoniam
1226 929 1303 958 nos
1334 919 1439 958 tanti
1466 919 1543 958 viri
1569 929 1636 958 res

194 986 416 1034 admonuit,
446 985 635 1025 idoneum
665 987 793 1025 visum
823 988 887 1025 est
914 985 965 1024 de
993 987 1146 1024 natura
1166 985 1355 1035 cultuque
1375 985 1462 1024 eius
1483 985 1636 1034 paucis

194 1051 348 1097 dicere,·
377 1048 536 1089 P01.1X
556 1050 620 1098 22,
650 1050 690 1089 7:
726 1047 816 1087 ἐπεὶ
846 1048 889 1087 δὲ
919 1048 941 1099 ἡ
971 1055 1051 1087 τῶν
1081 1050 1331 1100 πραγμάτιον
1362 1047 1548 1094 διάθεσις
1577 1047 1635 1094 εἰς

195 1114 402 1153 ἐπίστασιν
429 1114 531 1163 ἡμᾶς
551 1107 621 1165 ἧχε
642 1114 737 1165 περὶ
758 1120 827 1165 τῆς
846 1111 1020 1163 Ἀννίβου
1041 1116 1210 1164 φύσεως,
1243 1111 1432 1152 ἀπαιτεῖν
1454 1112 1475 1150 ὃ
1495 1113 1635 1164 καιρὸς

194 1179 302 1218 δοκεῖ
331 1211 338 1219 .
369 1211 376 1219 .
407 1210 415 1217 .
457 1202 504 1206 -
549 1179 629 1231 lug.
662 1179 730 1219 79:
774 1177 861 1220 Sed
897 1180 1091 1230 quoniam
1132 1180 1171 1219 in
1212 1180 1291 1219 lzas
1332 1181 1520 1230 regiones
1552 1190 1633 1229 per

192 1245 496 1295 Leptitanorum
539 1244 703 1295 negotia
744 1245 932 1290 venimus,
976 1255 1056 1284 non
1097 1245 1307 1296 indignum
1348 1245 1506 1297 videtur
1546 1276 1553 1283 .

193 1319 440 1356 memorare,·
475 1307 560 1348 Pol.
590 1308 717 1349 XXXI
747 1309 816 1349 23:
862 1313 936 1360 Τῆς
967 1307 1010 1347 δὲ
1040 1310 1142 1347 κατὰ
1171 1309 1240 1360 τὴν
1272 1309 1450 1362 διήγησιν
1481 1307 1630 1361 ἐφόδου

193 1374 259 1412 καὶ
294 1381 372 1412 τῶν
404 1381 554 1424 καιρῶν
586 1372 862 1424 ἑφεστακότων
894 1373 994 1423 ἡμᾶς
1024 1372 1093 1412 ἐπὶ
1124 1406 1132 1414 .
1163 1406 1171 1414 .
1201 1407 1209 1414 .
1237 1375 1470 1423 βουλόμεθα
1500 1387 1630 1412 συνεκ-

194 1439 416 1491 πληρῶσαι.

303 1503 431 1544 Porro
463 1505 665 1544 observes
695 1504 816 1544 velim
848 1505 962 1556 quod
989 1505 1201 1545 concludit
1221 1516 1390 1556 quoque
1412 1503 1633 1546 Sallustius

195 1570 415 1610 nonnullas
458 1570 743 1621 digressiones
785 1580 921 1621 aequo
963 1570 1091 1610 modo
1127 1582 1211 1622 quo
1247 1569 1459 1622 Polybius.
1518 1568 1633 1611 Con-

193 1636 302 1676 feras
332 1636 451 1675 haec:

305 1698 390 1740 Cat.
425 1700 484 1747 19,
513 1700 554 1739 6:
601 1700 692 1739 Nos
733 1711 822 1740 eam
863 1711 947 1740 rem
988 1702 1027 1740 in
1068 1700 1201 1741 medio
1243 1701 1526 1752 relinquemus.
1584 1700 1635 1740 de

192 1767 403 1818 superiore
433 1766 714 1807 coniuratione
742 1767 847 1807 satis
877 1766 1047 1815 dictum,·
1077 1765 1164 1807 Pol.
1185 1766 1231 1807 111
1252 1767 1321 1807 39:
1356 1763 1559 1818 Ἀφεμένοι
1591 1763 1634 1804 δὲ

194 1833 344 1870 τούτων
393 1832 637 1883 τρεψόμεθα
685 1831 790 1883 πρὸς
831 1831 876 1870 τὸ
920 1830 1078 1879 συνεχὲς
1120 1838 1190 1883 τῆς
1232 1834 1498 1883 προκειμένης
1541 1831 1632 1881 ἡμῖν

195 1896 420 1949 διηγήσεως.
451 1920 504 1925 ——
534 1897 616 1950 lug.
635 1897 705 1937 42:
739 1896 827 1939 Sed
845 1897 896 1938 de
923 1897 1071 1938 studiis
1093 1898 1277 1948 partium
1308 1901 1349 1938 et
1375 1899 1507 1938 omnis
1536 1898 1633 1937 civi-

195 1965 292 2003 tatis
338 1962 521 2003 moribus
567 1964 607 2002 si
645 1963 882 2014 singillatim
928 1966 1002 2003 aut
1042 1974 1121 2013 pro
1164 1963 1444 2014 magnitudine
1483 1973 1632 2012 parem

195 2028 408 2074 disserere,
444 2030 601 2078 tempus
631 2038 754 2078 quam
784 2039 850 2068 res
878 2028 1079 2068 maturius
1108 2039 1171 2068 me
1201 2028 1368 2068 deseret.
1426 2038 1549 2078 quam
1580 2027 1631 2067 ob

195 2104 278 2133 rem
314 2093 373 2133 ad
405 2094 605 2143 inceptum
640 2093 784 2140 rede0‚·
825 2092 910 2132 Pol.
941 2092 970 2132 11
1000 2093 1063 2140 63,
1093 2094 1134 2132 3;
1182 2092 1318 2130 Πολλὰ
1348 2090 1391 2129 δὲ
1419 2092 1487 2129 καὶ
1517 2091 1632 2143 ἕτερα

193 2161 249 2209 τῷ
279 2163 499 2210 συγγραφεῖ
527 2164 706 2206 τοιαῦτα,
737 2157 803 2195 καὶ
832 2158 935 2196 κατὰ
963 2157 1055 2203 τοὺς
1074 2155 1363 2206 ὑποκειμένοις
1381 2157 1545 2208 καιροὺς
1564 2156 1631 2195 καὶ

195 2221 294 2276 παρ’
338 2223 432 2276 ὅλην
475 2223 544 2276 τὴν
588 2225 865 2277 πραγματείαν
909 2226 1210 2272 κατατέτακται,
1259 2223 1355 2275 περὶ
1399 2220 1453 2261 ὧν
1496 2222 1631 2276 ἀρκεῖν

194 2288 472 2340 ὑπολαμβάνει
499 2291 602 2328 κατὰ
630 2290 699 2341 τὴν
731 2288 774 2338 ἐξ
803 2289 927 2343 ἀρχῆς
956 2290 1156 2342 πρόθεσιν
1182 2289 1247 2327 καὶ
1275 2290 1325 2328 τὰ
1345 2296 1411 2327 νῦν
1434 2288 1633 2341 εἰρημένα.

194 2379 249 2385 -
278 2356 359 2409 lug.
385 2356 443 2405 19,
464 2358 505 2396 8:
535 2357 587 2397 de
614 2355 756 2408 Africa
786 2359 826 2397 et
853 2357 939 2396 eius
968 2356 1110 2396 incolis
1140 2356 1200 2395 ad
1216 2355 1554 2396 necessitudinem
1575 2356 1637 2396 rei

195 2423 300 2462 satis
320 2422 492 2470 dictim,-
522 2421 608 2462 Pol.
630 2422 681 2462 IX
701 2423 765 2471 20,
790 2423 854 2463 10:
885 2421 952 2459 καὶ
972 2421 1068 2473 περὶ
1087 2419 1158 2470 μὲν
1180 2422 1330 2459 τούτων
1353 2419 1423 2459 ἐπὶ
1445 2428 1633 2459 τοσοῦτον

195 2485 287 2541 ἡμῖν
318 2485 509 2540 εἰρήσθω.
798 2506 801 2509 ·

304 2553 434 2594 Vides
464 2554 586 2605 igitur
609 2555 742 2594 certas
764 2554 855 2594 illas
877 2554 1028 2604 quibus
1050 2551 1251 2604 Polybius
1272 2554 1394 2593 utitur
1414 2553 1633 2593 verborum

194 2617 393 2659 formulas
423 2619 582 2659 similes
612 2629 709 2660 esse
740 2620 802 2668 iis,
832 2629 938 2671 quas
959 2617 1179 2660 Sallustius
1209 2620 1430 2671 praeponit
1459 2619 1634 2670 quibus-

197 2694 276 2733 que
318 2685 371 2724 ad
412 2685 675 2736 propositum
716 2685 909 2726 deflectit.
966 2683 1099 2732 Quam
1136 2684 1446 2725 similitudinem
1477 2685 1531 2725 ita
1561 2695 1634 2725 ex-
