1868 3093
201 301 273 339 Διὸ
295 309 435 340 τοῦτον
461 302 532 351 μὲν
570 302 589 339 ὃ
620 302 889 349 Ποσειδώνιός
918 318 1017 356 φησι
1039 306 1197 357 θυρεόν,
1228 304 1295 343 τὸν
1334 304 1376 344 δὲ
1413 305 1645 358 Μάρκελλον

200 369 319 419 ξίφος·
351 367 429 406 ὑπὸ
461 377 539 406 τῶν
568 366 780 418 εΡωμαίων
808 370 1037 419 καλεῖσθαι,
1066 375 1303 423 κιρναμένην
1336 370 1377 409 δὲ
1404 371 1474 422 τὴν
1498 374 1646 421 Φαβίου

197 435 436 485 ρέβαιότητα
477 435 544 471 καὶ
587 434 811 485 ἀσφάλειαν
850 442 895 485 τῇ
939 436 1173 486 Μαρκέλλου
1214 438 1410 488 συνηθείᾳ
1449 438 1646 488 σωτήριον

197 501 390 546 γενέσθαι
422 506 505 544 τοῖς
534 496 762 549 Ῥωμαίοις.
814 498 979 547 Quibus
1011 511 1062 539 ex
1091 502 1232 541 verbis
1263 502 1443 542 dilucide
1475 504 1647 552 apparet

199 563 475 604 Posidonium
522 566 700 605 virorum
751 576 888 605 mores
938 569 977 605 et
1024 566 1163 605 studia
1207 566 1425 607 dissimilia
1467 567 1645 618 quidem,

199 630 353 680 quibus
410 633 547 670 tamen
600 641 741 681 parem
791 631 955 671 laudem
1005 630 1085 670 sibi
1135 634 1486 681 comparaverant,
1544 633 1646 672 inter

199 705 245 735 se
291 696 600 746 composuisse,
645 696 685 735 id
737 697 850 747 quod
901 694 1140 736 Sallustium
1182 696 1222 735 in
1269 694 1447 736 Catilina
1490 697 1644 738 fecisse

197 772 323 811 supra
355 761 545 800 diximus.

308 825 552 866 Plutarchus
585 838 677 866 cum
709 828 844 878 ipsam
866 827 1052 866 Marcelli
1084 829 1124 866 et
1154 826 1267 866 Fabii
1290 828 1642 878 comparationem

198 903 280 931 non
313 892 591 942 exscripserit,
622 892 743 931 aliam
779 893 981 943 σύγκρισιν
1012 903 1062 931 ex
1093 892 1209 931 libris
1240 891 1535 932 Posidonianis
1568 893 1642 932 de-

198 960 433 1008 promptam
466 969 559 997 eum
592 958 716 998 nobis
738 959 974 998 servavisse
997 958 1092 997 licet
1113 959 1346 998 ostendere.
1397 957 1641 1008 Priusquam

196 1024 305 1062 enim
342 1022 497 1062 Tiberii
540 1026 579 1063 et
625 1021 698 1064 Cai
741 1021 1024 1064 Gracchorum
1067 1024 1190 1063 vitam
1234 1024 1458 1075 componit,
1500 1025 1642 1063 contra

196 1099 351 1128 morem
387 1090 819 1140 consuetudinemque
857 1090 1010 1139 quibus
1041 1090 1081 1127 in
1113 1090 1237 1128 rebus
1268 1089 1369 1128 alter
1397 1089 1519 1128 frater
1548 1100 1640 1128 cum

195 1154 323 1193 altero
369 1156 579 1205 congruat,
626 1154 779 1205 quibus
825 1155 863 1193 in
908 1154 1032 1194 rebus
1078 1154 1287 1205 discrepet
1331 1154 1640 1194 accuratissime

196 1220 377 1270 exponit.
448 1218 583 1267 Quam
627 1221 979 1271 comparationem
1024 1218 1284 1260 Plutarchum
1328 1231 1412 1260 non
1448 1219 1640 1271 exemplo

196 1286 324 1324 modo
356 1285 574 1325 Posidonii
607 1286 835 1326 instituisse
866 1286 942 1326 sed
975 1287 1079 1337 ipsis
1110 1287 1200 1326 eius
1231 1286 1370 1326 verbis
1402 1296 1521 1326 usum
1543 1296 1639 1326 esse

195 1362 277 1390 non
310 1352 401 1391 sine
434 1362 561 1391 causa
592 1352 865 1402 opinabimur.
915 1352 974 1391 Ac
1005 1353 1178 1402 primum
1205 1352 1372 1402 quidem
1398 1351 1640 1397 Posidonio,

194 1417 227 1455 si
252 1427 361 1466 quos
383 1417 496 1455 viros
518 1417 622 1455 inter
642 1428 688 1456 se
711 1418 960 1467 composuit,
982 1416 1265 1457 Gracchorum
1288 1417 1454 1468 ingenia
1475 1416 1639 1455 indoles

194 1492 333 1521 mores
364 1483 647 1532 componendi
685 1483 956 1522 occasionem
988 1493 1071 1521 non
1104 1482 1289 1522 defuisse
1321 1483 1360 1520 in
1392 1483 1535 1532 aperto
1567 1484 1639 1520 est.

193 1547 339 1597 Neque
390 1558 496 1598 quae
547 1548 656 1587 idem
701 1548 752 1587 de
793 1548 957 1587 fratrum
1000 1549 1082 1586 vita
1123 1549 1162 1587 et
1203 1547 1353 1587 studiis
1395 1547 1640 1597 praebuerat

193 1611 455 1653 Plutarchum
484 1624 566 1653 non
594 1613 760 1666 legisse,
797 1613 837 1653 id
870 1613 951 1653 loci
979 1613 1163 1653 nonnulli
1196 1613 1300 1652 inter
1326 1613 1434 1652 hunc
1465 1614 1504 1652 et
1534 1610 1638 1651 Dio-

194 1679 340 1717 dorum
374 1681 652 1730 congruentes
685 1680 862 1718 suadent
891 1681 934 1718 ut
964 1680 1215 1718 statuamus:
1252 1677 1354 1717 Plut.
1383 1677 1475 1717 Tib.
1507 1676 1575 1717 Gr.
1602 1678 1638 1716 l:

193 1740 301 1781 οὗτοι
351 1745 529 1795 Τιβερίου
565 1746 745 1794 Γράγχον
782 1743 927 1790 arcadas*
968 1740 1074 1794 ἦσαν,
1114 1741 1144 1794 ᾧ
1181 1750 1322 1795 τιμητῇ
1356 1757 1398 1781 τε
1426 1739 1638 1791 (Ρωμαίων

191 1812 389 1859 γενόιιὲιίινι
411 1810 479 1846 καὶ
501 1808 562 1854 δὶς
580 1808 847 1846 ὑπατεύσαντι
864 1809 930 1846 καὶ
956 1811 1179 1859 θριάμβους
1200 1808 1268 1846 δύο
1290 1809 1556 1858 καταγαγόντι
1577 1837 1584 1845 .
1606 1838 1613 1845 .
1630 1839 1638 1847 .

190 1873 252 1911 διὸ
280 1874 344 1911 καὶ
375 1874 444 1925 τὴν
467 1876 702 1926 Σκηπίωνος
727 1881 797 1912 τοῦ
818 1874 1223 1926 καταπολεμήσαντος
1244 1871 1415 1923 Ἀννίβαν
1431 1875 1637 1923 θυγατέρα

190 1940 425 1991 Κορνηλίαν,
457 1972 464 1978 .
496 1971 503 1978 .
535 1970 541 1978 .
572 1940 707 1988 λαβεῖν
761 1940 943 1990 ιζξιιῖιθης
987 1940 1095 1979 conf.
1136 1939 1260 1979 Diod.
1304 1939 1468 1978 XXXIV
1503 1939 1550 1978 5:
1592 1934 1637 1987 ’ἦν

191 2004 275 2050 υἱὸς
324 2007 502 2054 Ἰί,ἵ)ἰερίοι1
534 2012 603 2042 τοῦ
645 2004 706 2051 δὶς
749 2004 1019 2050 ὕπατενκότος
1059 2005 1125 2042 καὶ
1173 2004 1378 2053 πολέμους
1419 2002 1637 2055 ἐπιφανεῖς

189 2071 252 2108 καὶ
312 2071 513 2121 Ιιιιγιὲλοις
562 2071 844 2122 κεχειρικότος,
903 2070 959 2108 ἔτι
1007 2070 1048 2109 δὲ
1097 2071 1231 2116 καλῶς
1280 2070 1635 2118 πεπολιτειῃιὲνοι,·,

192 2136 464 2187 θιηίιτριδοῡς
501 2136 543 2174 (δὲ
589 2136 773 2174 Ποπλίου
817 2138 1046 2182 Σκιπίωνος
1086 2142 1157 2173 τοῦ
1197 2134 1637 2186 καταπεπολεμηκότος

188 2200 359 2251 Ἀννίβαν
402 2202 465 2239 καὶ
512 2202 823 2254 Καρχηδονίους.
865 2225 917 2230 --—
959 2201 1061 2242 Plut.
1101 2202 1192 2242 Tib.
1229 2200 1298 2242 Gr.
1329 2202 1405 2240 21:
1448 2200 1635 2251 Σκηπίων

188 2266 208 2304 ὃ
240 2266 489 2319 Ἀφρικανὸς,
521 2299 528 2306 .
560 2301 567 2308 .
599 2299 606 2307 .
638 2268 707 2319 τὴν
738 2268 921 2319 τελειᾱτην
952 2275 1023 2306 τοῦ
1062 2269 1241 2317 Τιβερίου
1272 2267 1522 2315 πυθόμενος,
1566 2263 1635 2304 ἅν-

187 2332 390 2385 apamenam
434 2333 474 2371 ἐκ
516 2341 594 2372 των
624 2330 874 2386 (Ομηρικιῖινι
923 2334 982 2380 ὡς
1023 2333 1221 2371 ἀπόλοιτο
1251 2332 1317 2370 καὶ
1348 2332 1482 2380 ἄλλος,
1515 2331 1536 2370 ὅ
1571 2346 1635 2378 τις

186 2402 355 2437 τοιαῦτά
389 2414 430 2450 γε
465 2399 590 2451 &Com
634 2402 740 2440 cont.
783 2400 906 2440 Diod.
949 2399 1115 2439 XXXIV
1156 2400 1190 2446 7,
1227 2400 1274 2439 3:
1304 2398 1371 2437 τὸν
1402 2396 1633 2449 Ἀφρικανόν

187 2478 310 2515 φασιν
343 2464 554 2517 ἐπιβοησαι
593 2472 779 2503 τοιαῦται
818 2465 876 2511 ὡς
912 2464 1109 2502 ἀπόλοιτο
1145 2465 1211 2502 καὶ
1248 2464 1371 2511 ἄλλος
1401 2494 1409 2502 .
1441 2494 1447 2501 .
1479 2496 1486 2503 .
1529 2462 1633 2504 Plut.

188 2530 232 2571 C.
264 2531 333 2572 Gr.
363 2533 410 2570 4:
442 2533 578 2582 φήσας
608 2539 654 2581 τῇ
684 2531 805 2581 μητρὶ
842 2530 1042 2582 Κορνηλίᾳ
1072 2530 1261 2582 δεηθείσῃ
1293 2530 1536 2581 χαρίζεσθαι
1564 2527 1632 2566 τὸν

188 2595 420 2645 ’omagium
464 2596 572 2636 conf.
603 2595 727 2636 Diod.
758 2595 924 2636 XXXIV
958 2597 1022 2645 25,
1048 2597 1094 2637 2:
1137 2596 1289 2649 ἀφήκειν
1343 2595 1462 2634 αὐτὸν
1504 2594 1631 2634 εἰπὼν

186 2670 242 2712 τῷ
274 2663 386 2714 ὄηλιιῳ
419 2663 521 2700 διότι
545 2665 690 2714 ταύτην
715 2665 831 2714 χάριν
857 2662 995 2701 δίδωσι
1022 2671 1067 2714 τῇ
1092 2664 1213 2715 μητρὶ,
1246 2665 1632 2714 προεντετευγμένος
