1868 3093
808 171 1078 206 —10-

220 274 401 314 Sallustii
434 278 543 315 recte
565 277 732 326 possint
764 279 1007 327 comparari,
1039 289 1174 329 neque
1196 288 1220 317 a
1242 277 1501 329 Thucydide,
1532 288 1667 329 neque

219 339 272 379 ab
304 340 511 380 annalium
535 342 782 392 scriptorum
807 341 1085 383 Romanorum
1116 343 1268 394 aliquo,
1300 342 1352 382 de
1374 342 1526 393 quibus
1557 343 1666 383 idem

219 416 267 444 ac
299 405 350 445 de
382 405 630 457 Thucydide
662 417 745 445 non
778 407 868 446 sine
907 417 1035 446 causa
1071 407 1166 447 licet
1196 406 1431 456 iudicare,¹)
1472 417 1608 457 neque
1644 418 1667 446 a

221 468 381 510 Catone
425 471 488 510 vel
521 469 701 511 Sisenna
730 471 795 511 vel
828 469 976 511 Coelio
1007 470 1234 522 Antipatro,
1277 483 1386 523 quos
1427 472 1497 512 illo
1539 472 1666 511 modo

218 536 258 574 in
280 536 492 575 hominum
516 536 702 576 moribus
724 536 1015 576 describendis
1032 537 1221 576 versatos
1239 547 1336 577 esse
1358 537 1513 577 nullum
1535 539 1668 577 exstat

218 601 428 648 indicium,
478 602 583 640 hanc
634 601 981 641 consuetudinem
1032 599 1269 641 Sallustium
1327 603 1532 643 ascivisse
1582 604 1665 643 iure

218 668 458 706 statuemus.

327 741 453 789 Quod
485 743 520 781 si
552 742 762 793 probatur,
794 743 858 781 eui
891 743 970 781 iam
1002 753 1091 782 eam
1123 742 1380 783 tribuemus?
1445 743 1488 783 ld
1520 746 1563 783 ut
1592 754 1664 784 ex-

217 809 439 858 quiramus,
470 818 605 857 pauca
636 810 731 847 sunt
761 808 1071 857 praemittenda.
1129 807 1338 848 Discessit
1368 809 1475 847 enim
1507 809 1665 859 primus

216 873 268 913 ab
300 873 368 913 illa
400 884 506 924 quae
538 873 746 913 annalium
779 874 1026 925 scriptorum
1048 875 1215 925 propria
1245 874 1320 914 fuit
1344 874 1500 914 ratione
1521 873 1664 914 Xeno-

216 941 329 989 phon
362 941 401 978 in
435 951 485 978 eo
514 940 631 986 libro,
662 940 732 989 qui
757 940 993 979 inscribitur
1013 941 1145 989 Κύρου
1167 939 1368 988 ἀνάβασις,
1398 941 1664 990 posterisque

215 1004 476 1055 temporibus
507 1015 654 1044 omnes
696 1004 782 1044 fere
825 1005 1051 1055 scriptores
1083 1002 1231 1044 Graeci
1277 1007 1319 1044 ut
1348 1005 1664 1056 Theopompus,

215 1070 423 1115 Timaeus,
456 1069 724 1121 Phylarchus,
755 1070 821 1108 alii
854 1081 919 1109 res
951 1072 1093 1121 gestas
1114 1080 1276 1109 narrare
1307 1081 1391 1109 non
1419 1071 1600 1110 contenti
1623 1071 1662 1109 in

216 1146 357 1174 eorum
390 1136 580 1182 virorum,
611 1145 682 1185 per
713 1145 821 1186 quos
854 1145 919 1175 res
950 1135 1125 1174 maxime
1148 1137 1261 1174 erant
1291 1136 1445 1187 gestae,
1477 1135 1663 1175 moribus

215 1202 284 1239 aut
315 1201 537 1240 laudandis
568 1204 636 1239 aut
665 1201 950 1251 vituperandis
981 1201 1091 1240 soliti
1128 1203 1224 1240 sunt
1252 1202 1418 1240 versari.
1476 1200 1661 1247 Quorum

215 1266 420 1305 licentiam
478 1266 743 1305 vehementer
796 1276 1048 1317 oppugnans
1098 1265 1308 1317 Polybius,
1362 1276 1662 1316 quemcumque

213 1331 342 1370 virum
376 1331 581 1382 insignem
614 1331 785 1377 induxit,
822 1332 861 1370 in
904 1332 994 1370 eius
1036 1342 1101 1370 res
1157 1342 1231 1381 per
1271 1332 1448 1381 spatium
1491 1330 1661 1381 aliquod

215 1396 414 1446 temporis
445 1397 587 1447 gestas
619 1396 843 1446 inquisivit,
881 1406 931 1434 ex
962 1396 1097 1446 iisque
1129 1396 1228 1446 quid
1261 1397 1312 1435 de
1342 1397 1431 1435 viro
1462 1396 1557 1446 ipso
1589 1406 1661 1435 ex—

216 1461 481 1500 istimandum
514 1462 629 1501 esset
660 1460 826 1500 efficere
858 1463 897 1500 et
928 1462 1080 1501 docere
1111 1461 1267 1501 studuit
1282 1460 1319 1509 2).
1364 1461 1496 1501 Huius
1526 1463 1659 1501 autem

214 1527 431 1577 scriptoris
463 1526 658 1566 historias
690 1529 831 1565 notum
863 1528 927 1566 est
957 1527 1225 1566 continuasse
1257 1525 1530 1566 Posidonium
1552 1525 1660 1578 Apa-

214 1603 413 1640 mensem,
450 1592 518 1642 qui
558 1592 683 1643 longe
715 1592 795 1631 alia
826 1592 982 1631 ratione
1015 1592 1200 1631 adhibita
1231 1593 1452 1644 insignium
1482 1593 1659 1631 virorum

215 1657 522 1708 descriptiones
555 1659 866 1697 consummatas
898 1660 937 1697 et
967 1659 1009 1697 ut
1030 1658 1083 1696 ita
1105 1658 1275 1697 dixerim
1298 1658 1514 1698 absolutas
1535 1657 1660 1697 rebus

214 1723 387 1763 narratis
440 1723 693 1774 praeposuit.
763 1722 897 1773 Atque
943 1734 1035 1762 cum
1086 1722 1195 1762 idem
1241 1721 1479 1763 Sallustium
1523 1722 1659 1763 facere

212 1789 380 1827 solitum
413 1799 508 1828 esse
541 1799 666 1838 supra
688 1789 925 1834 viderimus,
956 1788 1065 1827 haud
1094 1788 1231 1838 inepte
1253 1788 1403 1838 aliquis
1425 1788 1661 1838 suspicetur

213 1851 500 1900 Posidonium,
533 1854 689 1904 quippe
723 1854 840 1893 cuius
863 1852 994 1893 libros
1020 1851 1173 1895 Romae
1196 1853 1312 1893 tritos
1333 1852 1464 1893 fuisse
1487 1854 1659 1900 constet,

212 1919 388 1970 vestigia
419 1930 511 1958 eum
544 1920 755 1969 pressisse
771 1917 814 1966 ²³).

295 1982 431 2030 Quam
463 1984 708 2023 sententiam
741 1985 783 2022 ut
822 1983 1126 2031 confirmemus,
1163 1982 1428 2022 describendi
1459 1983 1656 2022 rationem

213 2060 237 2088 a
268 2048 502 2089 Posidonio
533 2049 759 2089 adhibitam
792 2049 1024 2089 accuratius
1047 2049 1329 2100 inspiciamus.
1373 2048 1518 2099 Neque
1550 2049 1657 2088 enim

213 2115 335 2153 huius
360 2115 577 2165 scriptoris
600 2115 808 2161 historiae,
839 2115 915 2153 etsi
939 2114 1239 2165 quinquaginta
1264 2114 1439 2153 duorum
1462 2114 1656 2153 librorum

212 2190 321 2230 quos
366 2181 528 2220 videtur
569 2180 866 2230 composuisse
912 2190 962 2219 ne
1008 2179 1116 2219 ullus
1162 2179 1331 2230 quidem
1377 2179 1429 2218 ad
1475 2180 1656 2219 nostram

323 2312 345 2351 ¹)
365 2311 391 2354 J.
418 2310 541 2351 Bruns,
567 2310 846 2344 Personlichkeit
870 2311 902 2343 in
929 2310 993 2343 der
1010 2309 1442 2351 Geschichtsschreibung
1466 2309 1529 2342 der
1545 2309 1656 2347 Alten,

210 2365 335 2406 Berol.,
361 2375 390 2399 a¹
421 2366 513 2405 1898,
539 2375 619 2408 pag.
644 2366 697 2399 63.

321 2421 346 2462 ²)
372 2421 479 2460 Quod
504 2420 703 2454 accuratius
728 2420 847 2453 docuit
871 2420 905 2454 F.
931 2420 1013 2460 Leo,
1038 2420 1056 2454 l.
1082 2420 1101 2454 l.
1128 2428 1207 2461 pag.
1231 2420 1285 2458 87,
1313 2418 1384 2459 108,
1408 2419 1481 2453 243.

321 2476 346 2516 ²³)
373 2475 464 2508 conf.
491 2475 523 2509 F.
549 2475 632 2515 Leo,
669 2475 728 2516 qui
754 2474 772 2509 l.
799 2474 817 2506 l.
844 2483 925 2516 pag.
950 2474 1009 2506 251
1039 2474 1134 2507 idem
1164 2473 1328 2515 designat
1354 2473 1516 2506 scribens
1548 2473 1655 2505 haec:

211 2530 315 2570 „Man
353 2531 483 2563 konnte
520 2531 613 2563 wohl
650 2539 714 2562 nur
749 2538 793 2562 an
824 2528 1042 2562 Posidonius
1077 2528 1234 2568 denken;
1271 2528 1329 2561 die
1353 2527 1655 2570 psychologische

211 2585 425 2627 Vertiefung,
442 2585 506 2618 wie
524 2586 576 2618 sie
595 2586 627 2618 in
646 2585 710 2618 der
728 2584 962 2626 Betrachtung
980 2584 1042 2617 der
1060 2583 1272 2617 Charaktere
1291 2583 1348 2616 bei
1365 2582 1494 2616 Sallust
1511 2583 1656 2616 hervor-

209 2640 285 2682 tritt,
310 2640 394 2683 liegt
418 2640 451 2673 in
477 2640 668 2675 derselben
695 2639 1003 2683 Richtungslinie“.
