1868 3093
195 299 479 351 respiciuntur,
520 305 627 347 quae
658 294 711 334 de
744 291 879 334 Gallis
908 291 1165 333 Posidonius
1195 292 1390 340 exhibuit,
1420 294 1462 332 ut
1492 295 1634 332 nostro

194 364 280 404 iure
320 363 534 403 videamur
574 357 826 400 concludere
867 357 976 398 sicut
1015 355 1252 398 Sallustium
1295 358 1349 398 ita
1390 356 1635 409 Pompeium

194 428 377 482 Trogum
407 435 577 479 quoque
598 425 639 465 in
659 422 1015 474 descriptionibus
1044 423 1309 464 instituendis
1338 423 1392 464 ad
1417 422 1636 464 Posidonii

198 494 250 534 de
280 493 373 533 aliis
402 490 596 543 gentibus
626 488 872 529 disserentis
900 487 1135 539 exemplum
1166 498 1214 528 se
1243 489 1499 540 applicuisse
1517 488 1560 541 l).

305 555 390 599 Sed
420 566 502 596 una
531 555 693 595 servata
722 555 787 594 est
815 554 856 594 in
886 553 1069 605 epitoma
1092 553 1231 594 lustini
1262 554 1482 605 expositio,
1512 565 1636 606 quam

197 634 281 662 non
312 632 425 661 more
455 620 592 661 solum
623 621 663 660 et
682 619 875 670 exemplo
898 618 1115 659 Posidonii
1141 620 1364 659 institutam
1394 620 1471 659 sed
1502 621 1636 670 ipsam

197 698 249 728 ex
291 685 473 727 historiis
518 685 608 725 eius
653 684 941 736 depromptam
990 694 1087 725 esse
1135 684 1472 725 verisimillimum
1519 685 1636 725 reddi

197 753 357 804 potest:
399 751 495 791 dico
538 760 628 790 eam
670 760 777 801 quae
817 752 881 790 est
910 750 963 789 de
993 749 1236 790 Iudaeorum
1266 751 1372 790 terra
1401 749 1443 803 (l.
1473 750 1637 791 XXXVI

196 817 233 866 3,
258 815 308 869 l).
367 814 552 864 Quorum
584 827 666 856 non
698 815 834 856 solum
866 826 932 855 res
962 816 1104 867 gestas
1135 826 1272 855 mores
1303 816 1485 855 instituta
1515 815 1638 857 Posi-

198 882 368 921 donium
390 881 667 932 explicavisse
689 879 831 933 (Diod.
853 880 875 921 Ι.
896 879 1062 920 XXXIV
1087 881 1101 920 l
1128 879 1210 932 sq.)
1241 881 1319 920 sed
1350 881 1470 920 etiam
1488 883 1637 921 'terram

198 947 476 998 descripsisse
507 947 790 987 demonstrare
820 946 970 986 licebit.
1029 944 1244 986 Diodorus
1275 946 1383 986 enim
1413 948 1636 997 postquam

198 1014 366 1052 secutus
407 1011 656 1051 Hecataeum
698 1012 750 1051 de
792 1011 1074 1063 Hyperboreis
1116 1010 1267 1063 (1147)
1298 1012 1484 1059 narravit,
1514 1011 1636 1052 Posi-

199 1077 367 1116 donium
412 1077 452 1116 in
496 1086 643 1116 manus
686 1077 820 1126 sumit,
864 1078 906 1116 ut
946 1076 1137 1117 Arabiam
1180 1077 1385 1117 desertam
1427 1077 1638 1118 describat

198 1141 249 1193 (c.
279 1140 404 1194 48)²),
445 1142 487 1181 id
531 1142 645 1193 quod
689 1153 740 1181 ex
781 1142 979 1182 orationis
1023 1153 1174 1194 genere
1216 1143 1454 1194 intelleges:
1494 1143 1559 1191 48,
1593 1144 1636 1182 l:

197 1206 366 1252 πολλοῖς
395 1205 437 1244 δὲ
476 1205 543 1243 καὶ
584 1205 865 1252 παντοδαποῖς
905 1205 1041 1245 ἔθνεσι
1083 1206 1338 1259 διείληπται;
1373 1208 1480 1248 conf.
1510 1207 1635 1248 Diod.

198 1271 231 1310 V
270 1273 328 1319 ll,
365 1274 400 1310 l:
442 1271 711 1322 μισθοφόρων
756 1269 880 1310 ὄντων
925 1272 1087 1310 πολλῶν
1130 1272 1198 1310 καὶ
1238 1272 1515 1311 παντοδαπῶν
1551 1280 1637 1319 τοῖς

197 1334 367 1375 ἔθνεσιν.
388 1358 441 1363 ——
466 1337 500 1374 l:
531 1335 740 1384 νεμόμενοι
768 1336 902 1387 χώραν
926 1335 997 1386 τὴν
1016 1335 1088 1384 μὲν
1118 1334 1276 1387 ἔρημον,
1298 1336 1367 1387 τὴν
1389 1336 1432 1374 δὲ
1453 1333 1634 1389 ἄνυδρον,

199 1398 332 1451 ὀλίγην
374 1398 417 1438 δὲ
456 1400 743 1451 καρποφόρον,·
783 1399 907 1440 Diod.
936 1401 970 1441 V
1004 1401 1125 1449 19,1:
1167 1399 1249 1448 ἔχει
1291 1400 1333 1438 δὲ·
1374 1399 1508 1453 χώραν
1543 1417 1637 1453 καρ-

199 1465 397 1515 ποφόρον,
429 1464 582 1515 πολλὴν
611 1464 683 1513 μὲν
725 1463 892 1518 ὀρεινήν,
936 1464 1005 1503 οὐκ
1047 1464 1182 1518 ὀλίγην
1225 1465 1268 1504 δὲ
1298 1465 1474 1505 πεδιάδα
1502 1467 1636 1506 κάλλει

200 1529 479 1581 διαφέρουσαν.
509 1554 562 1557 -
591 1531 633 1570 33
663 1537 839 1581 χρῶνται
868 1530 1061 1581 δαψιλέσι
1096 1537 1256 1579 ποτοῖς;
1296 1531 1421 1571 Diod.
1450 1532 1485 1571 V
1513 1532 1577 1580 34,
1597 1534 1639 1572 2:

199 1600 372 1645 τροφαῖς
414 1592 457 1632 δὲ
500 1601 676 1646 χρῶνται
718 1597 856 1647 κρέασι
902 1595 1187 1642 παντοδαποῖς
1228 1596 1296 1634 καὶ
1340 1595 1542 1646 δαψιλέσι.
1587 1620 1639 1625 —

199 1658 348 1710 ἔπηλυν
378 1659 551 1710 ἡγεμόνα
580 1660 624 1698 τὸ
655 1662 854 1712 παράπαν
885 1660 930 1698 οὐ
960 1660 1275 1713 προςδέχονται,·
1304 1661 1428 1701 Diod.
1454 1662 1489 1701 V
1518 1663 1577 1709 17,
1597 1663 1639 1701 4:

200 1723 359 1777 ἀργυρῷ
390 1722 433 1764 δὲ
463 1756 500 1764 ..
521 1758 530 1767 .
559 1724 604 1764 τὸ
646 1727 844 1779 παράπαν
887 1725 932 1765 οὐ
973 1733 1158 1779 χρῶνται.
1189 1750 1242 1755 -
1270 1727 1312 1767 43
1342 1725 1568 1765 διατελοῦσι
1598 1725 1640 1766 δὲ

199 1790 269 1840 τὴν
314 1789 549 1842 ἐλευθερίαν
598 1791 935 1842 διαφυλάττοντες
982 1792 1215 1839 ἀσάλευτον;
1263 1791 1386 1831 Diod.
1431 1792 1465 1831 V
1510 1794 1569 1840 15,
1598 1793 1640 1832 3:

200 1856 338 1907 συνέβη
368 1855 436 1894 τὸν
471 1855 645 1908 χρησμὸν
773 1856 1013 1906 αὐτονομίαν
1053 1863 1139 1903 τοῖς
1174 1855 1383 1908 ἐγχωρίοις
1423 1856 1639 1895 ἀσάλευτον

201 1920 389 1971 φυλάξαι.
424 1944 466 1949 -
501 1922 542 1961 53
571 1921 727 1967 πολλὰς
754 1921 821 1959 καὶ
849 1921 1025 1972 μεγάλας
1053 1921 1256 1970 δυνάμεις;
1287 1920 1411 1961 Diod.
1441 1921 1475 1961 V
1509 1924 1567 1969 ll,
1602 1924 1639 1961 l:

201 1985 377 2032 πολλοὺς
405 1986 472 2024 καὶ
500 1987 696 2037 μεγάλους
725 1987 936 2036 πολέμους.
966 2009 1017 2015 -
1046 1987 1089 2026 63
1128 1985 1171 2034 ἐξ
1198 1984 1245 2038 ἧς
1273 1986 1539 2035 λαμβάνουσιν
1569 1986 1639 2024 οὐκ

202 2049 339 2101 ὀλίγας
367 2050 607 2103 προςόδους;
649 2051 771 2091 Diod.
801 2051 835 2091 V
860 2052 918 2099 lo,
938 2052 980 2091 2:
1017 2049 1060 2099 ἐξ
1088 2044 1135 2102 ἧς
1162 2051 1429 2099 λαμβάνουσιν
1461 2081 1468 2088 .
1499 2082 1506 2089 .
1537 2082 1544 2089 .
1573 2064 1640 2100 με-

202 2116 325 2166 γάλας
354 2115 586 2168 προςόδους.
617 2140 667 2145 --
697 2117 738 2155 6:
774 2123 968 2164 ποταμῶν
996 2116 1178 2165 μεγάλων
1219 2123 1265 2165 τῇ
1307 2115 1517 2167 γλυκύτητι
1555 2115 1640 2153 δια-

203 2181 362 2233 φόρων;
391 2180 514 2221 Diod.
544 2180 706 2222 XXXVI
727 2181 763 2230 7,
783 2181 824 2220 3:
845 2178 1000 2219 ὑδάτων
1021 2180 1185 2232 πλῆθος
1206 2179 1415 2232 διαφόρων
1436 2187 1482 2232 τῇ
1504 2180 1640 2232 γλυκύ-

202 2261 301 2298 τητι.
333 2271 380 2275 -
412 2248 453 2287 93
484 2246 527 2295 ἐξ
557 2241 602 2285 οὗ
631 2246 828 2299 πρόςοδον
870 2245 995 2298 ἁδρὰν
1035 2247 1314 2295 λαμβάνουσιν,
1358 2246 1535 2296 οὐδαμοῦ
1569 2245 1640 2296 μὲν

314 2378 338 2417 ¹)
362 2377 526 2411 conferas
550 2386 642 2419 quae
667 2377 832 2411 adnotavi
857 2385 937 2419 pag.
962 2375 1011 2409 Bl.

313 2433 338 2472 ²)
363 2431 496 2466 Confer
517 2432 581 2465 Th.
598 2432 764 2472 Reinaclr,
786 2431 920 2465 Textes
944 2430 1072 2464 relatifs
1097 2439 1141 2463 au
1158 2431 1347 2466 ludaisme‚
1365 2430 1463 2463 Paris
1479 2432 1525 2471 (a.
1546 2431 1642 2470 1895)

204 2493 284 2528 pag.
301 2486 345 2519 73
361 2487 440 2520 adn.
462 2487 494 2519 l:
513 2512 519 2519 .
538 2513 544 2518 .
564 2511 570 2517 .
595 2487 648 2520 les
671 2485 722 2530 §§
745 2486 833 2519 2-4
856 2486 888 2526 (l.
913 2484 997 2525 XlX,
1019 2484 1164 2525 98—99)
1189 2484 1249 2527 qui
1273 2484 1434 2527 repetent
1457 2486 1530 2518 mot
1554 2493 1644 2526 pour

204 2542 277 2574 mot
300 2541 333 2574 le
358 2549 514 2584 passage
539 2541 822 2583 correspondant
845 2540 892 2574 du
916 2541 953 2573 n⁰
975 2539 1018 2572 35
1041 2538 1128 2582 (1.11‚
1151 2539 1307 2580 48—49).
1332 2538 1433 2573 Cette
1457 2538 1642 2581 repetition

203 2595 370 2628 textuelle
395 2604 531 2637 prouve
556 2603 626 2637 que
650 2595 810 2628 Diodore
846 2594 951 2636 copie
986 2593 1031 2626 ici
1065 2592 1307 2627 litteralement
1341 2602 1387 2626 un
1418 2594 1540 2626 auteur
1564 2593 1643 2634 plus

204 2649 339 2691 ancien,
364 2650 540 2692 peut-etre
564 2649 792 2685 Posidonius,

1405 2712 1445 2746 3*
