1868 3093
222 295 433 345 publicam
476 296 701 335 invaserint
743 307 918 348 eamque
960 298 1198 337 vexaverint
1239 301 1372 338 narrat
1408 299 1595 349 (38—39‚
1616 298 1671 352 5).

222 360 256 400 A
299 360 533 402 Posidonio
583 362 791 403 eiusmodi
841 363 1143 414 explicationes
1185 364 1306 404 altius
1348 365 1544 415 repetitas
1586 377 1669 406 non

220 427 353 466 fuisse
414 427 572 467 alienas
627 431 882 479 compertum
932 428 1102 468 habebit
1150 430 1219 480 qui
1270 429 1529 470 historiarum
1579 432 1669 472 eius

221 492 420 543 reliquias
452 494 491 531 et
520 491 754 533 Diodorum
786 495 1067 544 perscrutatus
1098 495 1181 534 erit.
1230 493 1358 534 Porro
1381 505 1473 535 cum
1496 496 1668 546 primam

221 560 376 608 partem
411 556 629 598 Posidonii
662 559 855 609 exemplo
887 560 1111 599 institutam
1142 570 1239 599 esse
1270 561 1304 600 si
1337 571 1420 600 non
1446 561 1599 599 certum
1630 563 1669 600 at

220 623 303 662 veri
337 622 589 663 simillimum
623 624 937 672 reddiderimus,
969 624 1020 664 de
1052 624 1177 664 altera
1200 625 1308 665 idem
1331 626 1562 666 iudicantes
1584 637 1666 665 non

221 699 475 739 magnopere
508 690 747 728 errabimus.

351 807 386 846 3.
419 806 493 846 De
526 808 1032 858 explicationibus
1062 808 1240 848 altius
1270 808 1555 858 repetitis.

330 892 575 944 Priusquam
602 896 737 933 autem
763 894 804 933 id
832 893 1096 942 affirmemus,
1127 894 1229 934 alias
1252 894 1357 935 duas
1380 894 1667 946 digressiones

219 960 271 998 ab
318 961 395 999 hac
440 960 550 998 haud
590 960 648 1015 ita
691 960 878 999 diversas
921 960 1247 1000 consideremus.
1317 959 1499 1006 Quarum
1542 961 1666 1000 altera

219 1026 377 1064 occurit
398 1024 478 1075 lng.
498 1035 529 1063 c.
547 1025 594 1063 41
618 1035 690 1075 sq,
722 1025 791 1063 ubi
824 1022 1045 1064 Sallustius
1076 1025 1127 1064 de
1146 1025 1311 1064 acribus
1337 1025 1510 1075 partium
1535 1027 1665 1065 certa-

220 1090 400 1130 minibus
445 1091 653 1130 mentione
697 1090 805 1130 facta
846 1091 1020 1141 primum
1064 1091 1332 1130 concordiam
1371 1092 1519 1130 civium
1557 1093 1665 1131 metu

219 1155 358 1194 hostili
380 1158 583 1194 servatam
607 1156 774 1194 strictim
792 1156 961 1206 attingit,
983 1156 1134 1194 deinde
1158 1156 1238 1194 hoc
1260 1157 1359 1205 post
1375 1153 1663 1207 Carthaginem

220 1220 397 1259 deletam
435 1220 626 1259 absterso
663 1220 805 1259 turbas
837 1219 980 1259 civiles
1011 1231 1062 1259 ex
1092 1220 1300 1270 potentiae
1332 1220 1556 1270 cupiditate
1588 1232 1663 1259 no-

218 1285 373 1331 bilium,
400 1285 546 1334 populi
569 1284 755 1323 lubidine
777 1287 942 1323 exortas
964 1285 1140 1322 maxima
1161 1284 1267 1322 mala
1288 1285 1327 1322 in
1350 1294 1433 1322 rem
1455 1285 1663 1334 publicam

217 1350 406 1389 intulisse
425 1349 559 1389 docet.
601 1348 780 1388 Alteram
802 1349 1013 1400 aliquanto
1036 1350 1276 1400 ampliorem
1299 1349 1450 1389 subicit
1472 1347 1558 1390 Cat.
1576 1360 1609 1390 c.
1628 1350 1664 1398 6,

217 1418 441 1467 postquam
473 1415 525 1454 ad
558 1415 827 1465 depravatum
851 1413 1052 1455 Catilinae
1077 1416 1255 1454 animum
1279 1416 1443 1454 maximi
1468 1417 1662 1455 momenti

215 1482 346 1521 fuisse
369 1482 526 1521 monuit
548 1491 685 1520 mores
708 1481 883 1521 civitatis
904 1481 1223 1531 perditissimos.
1273 1481 1398 1528 Quod
1420 1484 1462 1520 ut
1483 1481 1663 1530 illustret,

216 1547 430 1597 profectus
447 1547 500 1586 ab
523 1546 637 1586 urbis
659 1547 785 1586 initiis
806 1547 981 1597 primum
1002 1547 1152 1586 veteris
1176 1547 1230 1586 rei
1252 1547 1445 1598 publicae
1467 1547 1662 1598 paulatim

215 1615 360 1653 auctae
413 1614 599 1652 virtutem
649 1613 843 1652 iustitiam
892 1613 1194 1662 simplicitatem
1245 1613 1468 1662 praedicat,
1510 1613 1661 1652 deinde

216 1679 578 1717 commutationem
617 1677 767 1717 factam
799 1678 990 1725 ostendit,
1028 1678 1208 1728 denique
1239 1678 1437 1717 luxuriam
1469 1678 1661 1717 ambitio-

215 1754 392 1794 nemque
443 1744 577 1794 magis
622 1743 839 1795 magisque
890 1744 930 1782 in
973 1754 1056 1783 rem
1104 1743 1313 1793 publicam
1357 1743 1660 1783 incumbentem

215 1810 390 1859 copiose
423 1808 633 1848 describit.

324 1874 383 1914 Ac
401 1875 575 1925 primurn
593 1874 761 1924 quidem
777 1875 990 1924 utriusque
1005 1885 1207 1914 excursus
1220 1874 1393 1914 formam
1409 1876 1448 1914 et
1461 1875 1659 1914 rationem

214 1940 568 1990 deprehendimus
590 1940 629 1978 in
652 1949 701 1978 ea
722 1939 1086 1989 disputatiuncula,
1111 1950 1193 1989 qua
1215 1937 1376 1979 Seneca
1397 1940 1536 1979 verbis
1558 1950 1660 1979 usus

214 2004 430 2044 Posidonii
463 2016 514 2044 ex
545 2004 698 2054 quibus
729 2005 853 2044 initiis
885 2004 1094 2055 protectas
1126 2005 1240 2056 leges
1272 2005 1549 2055 persequitur:

279 2113 441 2154 Seneca
471 2112 544 2154 XC
574 2115 600 2152 4
689 2155 690 2172 3
802 2112 897 2154 Sall.
930 2112 1016 2154 Cat.
1047 2114 1082 2153 9.
1347 2113 1427 2165 lug.
1457 2114 1521 2152 41.

257 2190 343 2230 Sed
352 2191 479 2240 primi
489 2190 690 2252 mortali-i
763 2219 769 2226 .
801 2221 808 2228 .
840 2221 847 2228 .
892 2190 991 2229 boni
1031 2200 1167 2229 mores
1201 2189 1311 2228 Nam
1326 2192 1420 2228 ante
1441 2188 1658 2239 Carthagi-

211 2267 276 2295 am
294 2257 468 2306 quique.
491 2287 498 2294 .
521 2287 527 2294 .
549 2255 957 2312 natu-{colebantan
988 2285 995 2292 .
1027 2286 1034 2294 .
1065 2285 1072 2291 .
1103 2255 1167 2294 ias
1202 2254 1658 2304 nemaeletampopalas

211 2332 299 2359 ram
317 2322 596 2369 incorruptam
610 2331 670 2359 se·
687 2324 689 2377 ᾗ
707 2320 937 2370 bonumque
962 2319 1078 2369 apud
1097 2330 1166 2359 eos
1183 2307 1185 2340 ¹
1202 2322 1241 2359 et
1258 2322 1426 2359 senatus
1446 2318 1658 2362 Romanas

211 2386 449 2436 qaebantar‚
499 2383 787 2429 eandemssnon
829 2384 987 2436 legibus
1032 2386 1166 2436 magts
1195 2385 1363 2435 placide
1396 2385 1658 2436 modesteque

209 2451 421 2490 habebant
454 2455 492 2490 et
527 2452 829 2501 dacemlqaam
865 2453 1016 2490 natura
1052 2451 1164 2490 vale-
1199 2451 1655 2500 interserempablicam

210 2518 250 2555 et
277 2516 416 2566 legem.
685 2505 785 2565 fbat.
1199 2515 1445 2563 tractabant,
1476 2547 1484 2555 .
1515 2545 1521 2552 .
1553 2548 1559 2555 .

247 2581 686 2631 Sedpostqaamsab-i
758 2581 845 2622 Sed
859 2582 1085 2621 abilabore
1098 2574 1182 2621 at-'
1253 2580 1339 2621 Sed
1368 2581 1441 2620 abi
1467 2581 1538 2620 illa
1568 2579 1655 2623 for-

206 2646 443 2696 repentibas
483 2646 589 2684 vitiis
629 2647 781 2696 intqae
801 2647 955 2686 iustitia
975 2657 1041 2686 res
1056 2646 1160 2696 pub·
1197 2646 1307 2686 mido
1349 2646 1550 2685 mentibus
1583 2646 1655 2686 de-
