1868 3093
799 152 1090 226 1—78—

282 293 324 332 5:
361 295 497 333 cetera
526 294 723 341 instituta,
752 294 924 335 sinistra

216 355 364 407 foeda,
381 359 588 409 pravitate
609 359 774 400 valuere
789 358 855 412 (5)
869 392 877 400 .
891 391 922 401 ..

225 424 512 464 misericordia
542 425 582 465 in
606 428 815 475 promptu,
845 427 925 466 sed

226 489 427 529 adversus
462 500 604 530 omnes
638 490 746 530 alios
774 490 922 531 hostile

225 554 365 595 odium
407 554 483 607 (6).
552 557 742 606 separati
778 556 920 606 epulis,

225 619 394 659 discreti
404 620 921 672 cubilibus,proiectissima

225 684 284 725 ad
307 685 516 726 libidinem
540 697 657 738 gens,
690 687 919 728 alienarum

224 751 441 791 concubItu
471 751 680 792 abstinent
708 751 772 805 (7)
784 752 816 804 1)
848 785 857 793 .
881 785 920 793 ..

223 826 296 856 nec
317 817 537 868 quicquam
556 819 678 867 prius
698 818 921 860 inbuuntur

224 892 348 931 quam
396 886 653 924 contemnere
697 885 799 925 deos
842 884 918 937 (8),

224 957 371 988 exuere
394 949 581 999 patriam
612 982 620 990 .
650 982 658 990 .
689 982 698 990 .

278 1078 315 1123 6,
346 1079 388 1118 5:
429 1078 578 1129 fruges
624 1082 809 1119 nostrum
859 1081 919 1120 ad

222 1153 375 1182 morem
416 1147 667 1195 praeterque
708 1156 782 1184 eas
823 1145 915 1184 bal-

220 1218 381 1247 samum
412 1211 453 1247 et
473 1209 645 1258 palmae
674 1210 746 1257 (9).

268 1273 465 1323 palmetis
477 1275 713 1324 proceritas
729 1278 768 1315 et
781 1276 914 1322 decor,

221 1338 453 1379 balsamum
474 1340 639 1380 modica
658 1340 787 1380 arbor
806 1341 915 1390 (10).-

220 1434 228 1441 .
250 1438 257 1445 .
277 1435 285 1443 .
310 1403 522 1456 fragmine
541 1405 695 1456 lapidis
716 1410 791 1446 aut
809 1410 914 1447 testa

220 1470 480 1519 aperiuntur;
510 1481 629 1510 umor
656 1472 697 1510 in
727 1482 805 1511 usu
827 1482 913 1511 me-

221 1535 399 1575 dentium
430 1537 519 1585 (11)
550 1539 621 1576 est.

267 1981 538 2032 praecipuum
594 1982 791 2021 montium
842 1981 910 2021 Li-

217 2046 368 2086 banum
418 2048 545 2097 erigit,
593 2048 738 2087 mirum
789 2048 910 2094 dictu,

216 2114 355 2151 tantos
389 2113 494 2152 inter
528 2112 704 2152 ardores
733 2123 908 2162 opacum

207 2175 425 2227 fidumque
454 2177 614 2217 nivibus
643 2178 744 2226 (12).

991 310 1059 334 τον
1081 302 1151 334 τοῦ
1171 297 1275 333 θεοῦ
1299 284 1430 348 σηκόν,
1453 294 1492 335 οῖ
1513 298 1682 347 νόμιμον

992 360 1153 407 εἰςιέναι
1173 361 1295 411 μόνον
1318 359 1388 400 τὸν
1409 359 1532 413 ἱερέα·
1554 361 1682 415 εὕρὼν

991 426 1034 465 δὲ
1078 425 1119 465 ἐν
1162 426 1269 477 αὐτῷ
1317 427 1479 465 λίθινον
1520 427 1681 478 ἄγαλμα

990 490 1136 544 ἀνδρὸς
1193 493 1504 542 βαθυπώγωνος
1549 495 1680 545 καθη-

988 571 1108 606 μενον
1129 554 1194 596 ἐπ’
1216 554 1308 596 ὄνου
1325 557 1401 610 (4),
1420 558 1523 607 μετὰ
1541 564 1681 609 χεῖρας

988 620 1080 670 ἔχον
1095 623 1261 673 βιβλίον,
1282 629 1400 661 τοῦτο
1415 621 1486 672 μὲν
1502 621 1678 672 ὑπέλαβε

988 692 1192 735 Μωυσέως
1220 685 1323 727 εἶναι
1363 695 1434 727 τοῦ
1471 690 1680 734 κτίσαντος

987 748 1238 804 Ἱεροσόλυμα
1277 754 1345 791 καὶ
1386 756 1679 806 συστησαμένου

988 817 1033 857 τὸ
1050 816 1184 868 ἔθνος,
1201 818 1307 871 πρὸς
1327 818 1370 859 δὲ
1384 821 1542 866 τούτοις
1557 833 1676 869 νομο-

987 885 1239 936 θετήσαντος
1253 885 1305 923 τὰ
1315 887 1597 937 μισάνθρωπα
1609 885 1676 923 καὶ

986 951 1206 999 παράνομα
1235 948 1314 1001 ἔθη
1340 949 1395 1000 (4,
1415 950 1459 1002 5)
1480 957 1568 996 τοῖς
1585 946 1679 989 Ἰου-

951 1008 952 1012 '
986 1013 1117 1060 δαίοις
1145 1044 1154 1052 .
1185 1043 1192 1051 .
1226 1043 1234 1052 .

1040 1079 1069 1118 11
1087 1079 1152 1127 48,
1172 1080 1216 1119 92
1238 1078 1376 1130 ἀγαθὴ
1394 1076 1430 1116 δ’
1444 1077 1527 1117 ἐστὶ
1541 1092 1675 1129 φοινι-

983 1143 1160 1194 κόφυτος
1192 1143 1286 1194 ὅσην
1328 1143 1426 1194 αὐτῇ
1469 1145 1675 1192 συμβαίνει

983 1214 1188 1257 ποταμοῖς
1203 1207 1445 1261 διειλῆφθαι
1465 1210 1679 1261 χρησίμοις

983 1271 1006 1323 ἢ
1038 1280 1189 1326 πηγαῖς
1223 1273 1461 1323 δυναμέναις
1491 1273 1676 1325 ἀρδεύειν

984 1338 1057 1392 (9).
1105 1341 1258 1389 γίνεται
1288 1338 1332 1378 δὲ
1361 1340 1458 1391 περὶ
1488 1340 1582 1386 τοὺς
1609 1340 1675 1379 τό-

982 1418 1087 1450 πους
1128 1403 1168 1443 ἐν
1210 1404 1359 1443 αὐλῶνί
1399 1419 1477 1443 τινι
1519 1405 1587 1443 καὶ
1626 1404 1674 1443 τὸ

981 1470 1225 1519 καλούμενον
1250 1470 1456 1519 βάλσαμον
1487 1499 1494 1507 .
1528 1499 1535 1507 .

982 1530 1017 1573 δ’
1039 1533 1083 1584 ἐξ
1104 1534 1226 1574 αὐτοῦ
1246 1537 1384 1587 χρείας
1404 1534 1462 1581 εἰς
1478 1536 1675 1587 φάρμακα

980 1607 1066 1646 τοῖς
1107 1599 1263 1652 ἰατροῖς
1301 1598 1401 1639 καθ’
1444 1599 1675 1651 ὑπερβολὴν

981 1665 1225 1717 εὐθετούσης
1253 1664 1355 1718 (11).

1037 1731 1129 1771 lust.
1150 1730 1325 1778 XXXVI,
1346 1731 1392 1771 111
1410 1733 1454 1771 4:
1482 1731 1673 1771 arborem

981 1796 1247 1846 opobalsami
1283 1796 1454 1836 similem
1487 1795 1672 1847 formam

973 1862 1106 1912 piceis
1134 1861 1296 1908 habent,
1327 1862 1410 1901 nisi
1437 1861 1552 1912 quod
1577 1864 1678 1901 sunt

978 1927 1150 1966 humiles
1180 1926 1272 1977 (10)
1302 1926 1437 1976 magis
1468 1954 1475 1963 .
1509 1955 1517 1962 .
1551 1955 1558 1963 .

1032 1992 1111 2032 sed
1153 2002 1235 2032 non
1281 1992 1415 2032 minor
1459 1991 1541 2031 loci
1584 1992 1673 2032 eius

978 2058 1209 2107 apricitatis
1229 2067 1352 2107 quam
1374 2056 1573 2096 ubertatis
1591 2057 1671 2096 ad-

977 2122 1141 2162 miratio
1173 2125 1244 2161 est.
1285 2122 1435 2172 quippe
1464 2132 1554 2161 cum
1583 2123 1671 2162 toto

978 2187 1077 2227 orbe
1107 2187 1287 2237 regionis
1316 2186 1403 2226 eius
1427 2186 1670 2226 ardentissi-

976 2263 1068 2292 mus
1107 2250 1175 2291 sol
1205 2251 1268 2298 sit,
1309 2250 1369 2292 ibi
1400 2251 1529 2303 tepidi
1560 2252 1671 2292 aeris

977 2317 1182 2357 naturalis
1227 2317 1433 2368 quaedam
1477 2327 1528 2357 ac
1568 2327 1669 2367 per-

971 2386 1100 2434 petua
1131 2383 1320 2434 opacitas
1349 2384 1455 2423 inest
1483 2383 1583 2431 (12).

1569 1499 1577 1507 .
1604 1476 1677 1521 τῆς

305 2463 513 2535 {leont-er
535 2492 600 2525 Th.
625 2491 792 2533 Reinach,
823 2491 842 2525 1.
868 2492 888 2525 l.
918 2500 998 2534 pag.
1022 2491 1088 2525 307
1118 2491 1198 2525 adn.
1228 2491 1260 2524 1:
1298 2489 1370 2532 „Ce
1394 2490 1537 2524 tableau
1564 2490 1610 2524 de
1634 2490 1669 2524 la

214 2547 416 2582 misoxenie
447 2547 516 2581 des
545 2546 627 2580 luifs
656 2547 692 2581 et
723 2547 769 2581 de
800 2547 874 2580 leur
902 2546 1027 2581 &troite
1059 2545 1240 2580 solidarit&
1271 2545 1455 2587 reproduit
1479 2544 1549 2578 des
1571 2544 1669 2578 traits

213 2612 284 2645 que
320 2611 414 2636 nous
451 2611 568 2635 avons
602 2601 760 2644 signalcs
796 2602 883 2635 chez
917 2602 1000 2634 tous
1035 2600 1090 2635 les
1124 2600 1333 2642 polemistes
1369 2599 1599 2633 alexandrias
1632 2600 1669 2632 et

211 2657 385 2691 rhodiens
410 2656 541 2698 depuis
564 2655 762 2690 Manethon
787 2656 823 2689 et
846 2655 1076 2689 Posidonios.
