1868 3093
776 151 1044 189 -24-

210 260 247 298 4.
279 258 353 299 De
384 262 656 299 terrarum
688 260 1055 311 gentiumque
1086 259 1603 310 descriptionibus.

296 345 615 397 Progrediamur
644 347 723 385 iam
761 347 812 385 ad
846 346 950 385 duas
982 356 1089 396 quae
1121 346 1160 385 in
1193 345 1383 397 Iugurtha
1414 347 1633 386 occurrunt

187 411 474 463 digressiones
520 412 624 452 inter
667 423 713 452 se
759 408 1042 459 cohaerentes,
1087 421 1257 462 quarum
1302 410 1427 451 altera
1471 414 1534 452 est
1580 411 1633 452 de

187 478 347 517 Africae
379 479 459 517 situ
491 480 530 517 et
560 478 765 529 gentibus,
796 478 922 517 altera
964 478 1015 516 de
1056 477 1221 516 fratrum
1254 477 1426 516 duorum
1459 477 1632 516 mirabili

188 543 370 594 quodam
402 543 598 583 facinore.
657 542 773 591 Quas
805 543 958 594 quibus
1001 543 1125 583 rebus
1166 544 1400 582 commotus
1429 542 1635 582 addiderit

188 608 222 647 si
255 609 432 659 quaeris,
464 619 556 648 cum
588 620 665 648 nec
697 610 799 648 haec
831 619 907 648 nec
939 608 1007 647 illa
1037 609 1184 647 artiore
1215 608 1381 648 vinculo
1415 619 1506 647 cum
1538 609 1633 659 ipso

188 676 429 725 argumento
462 674 682 713 coniuncta
713 674 775 721 sit,
806 674 1018 723 utriusque
1059 683 1227 713 causam
1260 674 1312 712 ab
1343 673 1529 713 imitandi
1559 673 1633 711 ali-

189 739 307 778 cuius
339 739 553 789 scriptoris
585 739 725 779 studio
747 738 974 789 profectam
998 749 1094 779 esse
1116 749 1323 789 ponamus
1355 749 1530 779 necesse
1562 740 1634 778 est.

188 804 337 843 Verum
381 805 596 843 cuiusnam
639 805 867 844 auctoritati
900 802 1138 844 Sallustium
1180 805 1370 855 paruisse
1406 803 1636 854 putemus?

190 869 406 908 Eiusmodi
450 869 556 908 enim
600 869 889 920 expositiones
930 879 954 909 a
995 871 1177 909 veterum
1219 870 1465 921 scriptorum
1503 867 1635 910 Grae-

192 946 333 975 corum
365 936 549 975 historiis
575 946 711 985 neque
732 936 891 975 alienae
912 935 1075 975 fuerunt
1095 946 1230 985 neque
1253 936 1478 986 quidquam
1501 935 1635 975 often—

191 1000 325 1040 sionis
356 1000 587 1041 habuerunt
617 1001 728 1052 apud
772 1011 859 1049 eos,
901 1001 969 1052 qui
1013 1001 1098 1041 iure
1129 1001 1313 1053 quodam
1344 1002 1386 1041 ut
1416 1001 1468 1041 ita
1501 1001 1635 1041 dicam

195 1067 286 1107 illas
318 1068 586 1107 inseruerunt.
644 1067 748 1106 Nam
785 1069 827 1106 ut
867 1067 993 1117 paulo
1035 1067 1156 1107 altius
1187 1069 1381 1117 repetam,
1411 1068 1637 1117 scriptores

195 1132 295 1171 lonii
314 1131 356 1183 ¹),
387 1133 544 1182 quippe
570 1133 639 1182 qui
669 1131 851 1182 ἱστορεῖν,
882 1132 924 1171 id
955 1134 1018 1171 est
1039 1133 1177 1171 omnia
1198 1142 1304 1182 quae
1331 1133 1557 1183 cognitioni
1589 1142 1635 1171 se

194 1196 427 1236 offerebant
458 1198 705 1248 investigare
748 1200 787 1236 et
832 1198 1026 1248 indagare
1058 1199 1266 1247 cuperent,
1297 1208 1379 1236 non
1411 1197 1538 1236 modo
1572 1207 1636 1236 res

193 1264 231 1300 et
272 1262 361 1301 suis
403 1264 442 1301 et
482 1262 691 1312 prioribus
734 1261 992 1312 temporibus
1034 1263 1175 1313 gestas
1208 1262 1283 1301 sed
1314 1262 1435 1301 situm
1467 1272 1636 1312 quoque

192 1328 386 1366 terrarum
418 1328 457 1366 et
488 1326 660 1375 urbium,
692 1338 830 1367 mores
861 1328 900 1367 et
930 1327 1113 1367 instituta
1143 1328 1334 1378 gentium,
1366 1338 1431 1367 res
1462 1329 1501 1367 et
1529 1327 1637 1367 facta

194 1392 392 1431 notabilia
422 1393 475 1431 ad
506 1402 553 1431 se
575 1392 779 1442 pertinere
805 1393 1060 1442 putaverunt.
1119 1391 1214 1439 Quo
1246 1393 1477 1441 inquirendi
1501 1393 1637 1431 omnia

196 1459 235 1496 et
256 1456 494 1508 proferendi
516 1457 668 1505 studio,
690 1457 800 1497 unde
824 1456 1018 1497 Hecataei
1050 1458 1089 1497 et
1119 1456 1368 1507 γενεαλογίαι
1390 1458 1428 1497 et
1448 1454 1640 1508 περίοδος

193 1529 263 1572 γῆς
294 1525 412 1561 natae
444 1525 550 1569 sunt,
572 1522 823 1568 Herodotus,
845 1533 951 1571 quae
974 1523 1014 1560 in
1037 1523 1251 1561 itineribus
1283 1523 1371 1561 suis
1402 1523 1489 1561 sive
1521 1523 1638 1560 vide-

194 1589 253 1626 rat
283 1587 371 1626 sive
403 1587 598 1634 audierat,
629 1588 671 1626 ut
701 1597 750 1627 ea
780 1587 1000 1626 narrationi
1037 1587 1089 1626 de
1120 1586 1242 1626 bellis
1273 1585 1490 1626 Persarum
1522 1586 1638 1626 insti-

195 1655 302 1691 tutae
349 1653 577 1692 includeret
622 1653 826 1702 impulsus
872 1654 944 1691 est.
1015 1651 1145 1692 Cuius
1193 1653 1368 1703 vestigia
1417 1652 1640 1702 Ephorum,

194 1717 528 1768 Theopompum,
569 1717 784 1757 Timaeum
827 1720 967 1756 notum
1010 1719 1073 1757 est
1114 1718 1323 1768 pressisse
1354 1718 1476 1768 atque
1508 1717 1639 1757 inser-

196 1784 308 1822 uisse
341 1783 562 1821 narrationi
593 1793 725 1821 rerum
757 1784 963 1833 gestarum
993 1782 1206 1821 multarum
1238 1783 1419 1833 gentium
1450 1782 1639 1831 descrip-

194 1848 341 1886 tiones.
401 1846 512 1886 ldem
542 1846 640 1885 feeit
669 1848 864 1897 tempore
886 1846 1119 1897 insequenti
1146 1845 1358 1897 Polybius,
1389 1847 1469 1896 qui,
1500 1847 1640 1886 cuius-

196 1923 375 1962 cumque
417 1913 551 1963 gentis
594 1922 659 1951 res
701 1913 843 1963 gestas
885 1912 1070 1960 narravit,
1112 1922 1219 1962 quae
1260 1911 1311 1951 de
1349 1911 1439 1950 eius
1469 1913 1573 1951 terra
1603 1913 1642 1950 et

197 1978 383 2017 moribus
426 1979 638 2028 comperta
679 1977 860 2016 habebat
900 1977 1071 2025 addidit,
1102 1977 1170 2027 qui
1203 1977 1323 2016 etiam
1356 1977 1508 2017 maiore
1540 1986 1641 2016 usus

197 2044 409 2096 diligentia
440 2054 491 2083 ne
523 2045 667 2095 gentes
699 2043 866 2093 quidem
897 2044 1138 2095 peregrinas
1169 2043 1281 2083 adire
1312 2043 1526 2083 recusavit.

308 2110 453 2159 Neque
485 2111 620 2148 autem
652 2118 902 2159 quemquam
934 2119 1087 2153 eorum,
1119 2118 1228 2159 quos
1249 2108 1373 2154 attuli,
1404 2108 1642 2147 imitationis

196 2175 431 2215 facultatem
453 2174 700 2224 praebuisse
723 2171 920 2213 Sallustio
942 2174 1005 2213 vel
1029 2174 1125 2212 inde
1147 2175 1286 2223 potest
1314 2173 1506 2224 intellegi,
1527 2173 1642 2223 quod

198 2242 264 2281 hic
297 2251 388 2281 cum
420 2241 460 2279 in
493 2239 683 2291 lngurtha
712 2241 797 2278 tum
828 2240 867 2278 in
900 2239 1082 2278 historiis
1113 2239 1259 2290 origini
1287 2239 1548 2289 potissimum
1580 2239 1642 2277 in-

199 2306 380 2345 colarum
412 2305 686 2356 explicandae
719 2314 888 2354 operam
920 2304 1044 2343 dedit.
1103 2303 1241 2354 ltaque
1272 2304 1351 2343 iam
1383 2304 1435 2344 ad
1460 2302 1642 2344 Posido-

200 2372 310 2410 nium
354 2373 571 2417 vertamus,
614 2370 682 2420 qui
725 2368 886 2420 Polybii
924 2370 1117 2409 historias
1149 2370 1411 2409 continuavit.
1468 2368 1529 2409 Ac
1559 2370 1643 2420 pri—

201 2448 309 2475 mum
341 2436 508 2486 quidem
540 2434 814 2475 Posidonium
846 2436 885 2473 in
918 2432 1099 2475 Cimbris
1130 2434 1420 2475 describendis
1451 2445 1500 2474 ea
1522 2445 1641 2475 usum

201 2512 296 2542 esse
329 2512 481 2549 norma,
512 2504 554 2541 ut
584 2501 760 2552 primum
792 2501 992 2553 originem
1025 2501 1269 2552 prioresque
1311 2501 1449 2546 sedes,
1492 2501 1644 2541 deinde

312 2631 338 2672 1)
364 2630 401 2664 C.
427 2630 644 2671 Miillenhotf,
670 2631 689 2664 l.
714 2631 733 2664 l.
759 2631 779 2670 1,
808 2639 888 2672 pag.
912 2630 987 2663 351.
