1868 3093
209 288 474 339 expositioni,
507 290 761 330 intercedere
801 291 922 331 vides
963 291 1315 332 necessitudinem
1357 302 1450 331 cum
1487 301 1539 330 eo
1575 300 1656 340 po-

210 353 416 394 tissimum
465 365 654 402 excursu,
703 366 826 406 quem
875 357 915 395 in
965 356 1154 408 Iugurtha
1198 357 1376 397 subiecit
1420 354 1653 397 Sallustius.

211 418 360 469 Neque
411 420 560 467 tamen,
612 430 705 458 cum
747 417 968 461 Sallustius
1008 421 1196 461 eiusdem
1238 422 1403 473 generis
1444 430 1652 461 excursus

209 484 334 523 simili
365 485 547 534 quodam
578 484 706 523 modo
736 484 923 523 videatur
950 485 1189 533 instituisse,
1220 486 1329 525 hunc
1353 486 1489 537 ipsum
1513 486 1651 525 locum

208 548 399 588 Tacitum
456 549 600 588 imitari
659 548 846 589 voluisse
904 559 1081 589 necesse
1129 552 1194 589 est
1241 551 1468 601 opinemur,
1525 551 1653 590 immo

209 613 451 653 similiorem
488 614 528 653 in
565 614 749 653 historiis
779 614 989 654 exstitisse
1018 614 1324 664 expositionem
1355 616 1451 654 mihi
1483 616 1651 665 quidem

210 678 429 730 probabile
482 678 529 719 fit
574 689 626 719 ex
666 679 869 730 prooemii
911 678 1050 719 verbis
1092 678 1156 718 his
1198 678 1258 729 (fr.
1304 679 1385 728 12):
1426 679 1651 730 Postquam

208 747 365 785 remoto
399 747 507 785 metu
539 744 695 784 Punico
729 744 959 785 simultates
994 754 1180 785 exercere
1210 754 1380 784 vacuum
1402 743 1494 795 fuit,
1517 746 1651 794 pluri-

209 820 302 849 mae
342 809 497 857 turbae,
537 809 759 850 seditiones
801 812 841 850 et
879 809 939 849 ad
969 812 1225 859 postremum
1260 809 1367 849 bella
1397 809 1530 849 civilia
1560 813 1652 850 orta

208 878 313 914 sunt.
383 873 487 915 Cum
528 875 682 926 quibus
723 874 915 915 conferas
956 874 1054 914 Tac.
1095 875 1186 914 hist.
1229 874 1420 924 1138‚2:
1460 874 1547 915 Sed
1585 875 1656 915 ubi

206 939 382 980 subacto
418 940 518 980 orbe
557 943 598 981 et
632 940 803 981 aemulis
843 940 1014 980 urbibus
1055 940 1268 992 regibusve
1302 941 1450 980 excisis
1483 950 1653 980 securas

209 1016 310 1055 opes
339 1006 624 1055 concupiscere
654 1016 824 1046 vacuum
846 1005 939 1057 fuit,
963 1007 1104 1056 prima
1133 1006 1237 1045 inter
1259 1008 1407 1055 patres
1430 1004 1654 1055 plebesque

171 1084 175 1086 ·
207 1071 435 1110 certamina
464 1082 666 1111 exarsere.

319 1134 415 1175 Duo
446 1137 516 1187 qui
547 1138 642 1176 sunt
672 1136 725 1176 de
755 1136 881 1176 rebus
911 1136 1063 1176 divinis
1094 1136 1175 1175 loci
1206 1146 1253 1176 se
1275 1135 1464 1175 offerunt.
1513 1135 1652 1175 Altero

208 1200 327 1249 (113)
369 1202 496 1252 paulo
538 1201 705 1242 brevius
748 1202 800 1242 de
842 1201 1014 1242 Veneris
1056 1200 1250 1252 Paphiae,
1293 1202 1410 1241 cuius
1454 1201 1651 1251 templum

206 1265 326 1307 Titus
357 1267 467 1315 adiit,
505 1267 663 1319 origine
692 1267 825 1307 forma
855 1267 965 1306 cultu
996 1268 1145 1306 monet.
1203 1265 1342 1306 Altero
1371 1265 1440 1315 (lV
1468 1265 1649 1318 83—84)

208 1329 425 1382 Serapidis
456 1332 535 1379 dei,
571 1333 690 1372 cuius
720 1332 918 1382 templum
953 1333 1051 1371 tunc
1082 1331 1385 1381 Vespasianum
1416 1332 1649 1382 ingressum

207 1405 307 1435 esse
351 1396 509 1444 rettulit,
550 1396 732 1448 effigiem
762 1397 880 1436 iussu
923 1397 1031 1447 regis
1073 1406 1124 1436 ex
1166 1395 1300 1435 Ponto
1346 1396 1385 1434 in
1415 1396 1648 1447 Aegyptum

209 1461 334 1500 docet
362 1462 601 1509 traductam,
630 1472 766 1512 pauca
795 1462 848 1501 de
878 1462 973 1512 ipso
1005 1461 1086 1501 deo
1117 1462 1422 1500 commemorat.
1480 1459 1577 1508 Quo
1608 1461 1648 1500 in

208 1536 385 1566 excursu
417 1537 539 1576 quam
570 1537 739 1577 operam
769 1527 966 1577 posuerit,
995 1526 1038 1566 id
1069 1527 1165 1566 inde
1195 1528 1377 1577 apparet,
1407 1526 1522 1576 quod
1552 1537 1646 1566 cum

208 1592 435 1642 scriptores
452 1591 624 1634 Romani
641 1592 694 1632 de
710 1592 834 1632 huius
850 1592 917 1632 dei
938 1592 1064 1632 initiis
1085 1592 1184 1631 nihil
1207 1592 1648 1632 commemoravissent

207 1656 282 1704 (cfz
322 1657 439 1707 origo
481 1657 550 1696 dei
586 1657 767 1696 nondum
808 1657 960 1697 nostris
1001 1656 1239 1696 auctoribus
1280 1656 1519 1708 celebrata),
1555 1657 1648 1696 Ma-

208 1722 412 1770 nethonis,
448 1722 744 1774 Aegyptiorum
779 1722 983 1770 antistitis,
1020 1721 1167 1762 librum
1197 1722 1311 1762 adire
1342 1733 1426 1762 non
1456 1724 1648 1774 gravatus

207 1789 282 1827 est.
345 1788 492 1838 Neque
533 1789 575 1827 id
617 1788 773 1835 mirum,
814 1798 907 1827 cum
949 1798 1001 1827 ex
1040 1788 1279 1838 quindecim
1320 1788 1419 1827 viris
1460 1787 1648 1827 Taciturn

206 1852 338 1892 fuisse
370 1854 542 1900 constet,
573 1852 726 1904 quibus
756 1863 841 1892 non
862 1853 998 1893 solum
1019 1863 1230 1893 sacrorum
1253 1863 1277 1892 a
1297 1852 1414 1892 libris
1435 1850 1649 1904 Sibyllinis

207 1919 506 1968 permissorum
542 1918 619 1958 sed
656 1919 839 1958 omnium
875 1929 982 1969 quae
1017 1929 1042 1958 a
1077 1918 1247 1969 populis
1283 1918 1463 1958 externis
1493 1919 1649 1958 ascitae

207 1984 322 2022 erant
352 1983 595 2035 religionum
624 1984 787 2023 videtur
813 1983 945 2023 fuisse
976 1982 1132 2035 cura1).
1191 1981 1320 2023 Cuius
1351 1982 1478 2022 officii
1509 1985 1648 2033 partes

208 2049 251 2087 ut
280 2050 429 2098 posset
457 2048 639 2099 implere,
669 2048 710 2088 in
740 2051 889 2088 omnes
919 2048 1054 2089 cultus
1084 2049 1327 2100 peregrinos
1352 2048 1532 2087 animum
1553 2058 1647 2087 eum

208 2113 438 2153 intendisse
486 2123 646 2164 eosque
695 2113 749 2153 ad
796 2123 844 2154 se
885 2114 1089 2164 pertinere
1133 2113 1347 2164 putavisse
1390 2112 1647 2164 intellegitur.

208 2177 355 2229 Neque
396 2179 438 2218 id
480 2190 605 2219 unum
647 2179 908 2232 digrediendi
946 2190 1114 2220 causam
1152 2179 1333 2227 dedisse,
1373 2178 1450 2218 sed
1480 2178 1646 2217 maximi

207 2244 260 2283 ad
292 2246 507 2296 utrumque
538 2245 676 2285 locum
706 2245 903 2285 momenti
931 2244 1064 2286 fuisse
1085 2243 1267 2285 Sallustii
1289 2244 1492 2291 historias,
1522 2243 1564 2282 id
1595 2254 1647 2283 ex

207 2309 360 2350 ultimis
375 2309 591 2361 fragmenti
607 2310 918 2350 Aurelianensis
936 2310 1051 2360 quod
1067 2312 1220 2350 vocant
1234 2310 1374 2349 verbis
1388 2309 1484 2348 mihi
1500 2309 1647 2347 videor

207 2372 385 2422 efficere,
426 2375 466 2414 in
504 2385 588 2425 quo
618 2376 842 2426 postquam
873 2372 1092 2415 Servilium
1128 2375 1329 2414 narratum
1365 2375 1429 2413 est
1464 2375 1645 2413 montem

205 2449 442 2490 occupasse
472 2440 593 2480 Matri
624 2450 799 2492 magnae
829 2450 993 2480 sacrum
1024 2440 1212 2492 leguntur
1241 2440 1343 2479 haec
1358 2438 1411 2487 ²):
1445 2439 1500 2478 Et
1526 2439 1566 2477 in
1597 2449 1644 2478 eo

317 2591 342 2631 ¹)
365 2590 501 2633 Marqu.
526 2590 625 2627 Rom.
650 2590 873 2625 Staatsverw.
898 2591 945 2632 lll,
969 2599 1050 2633 pag.
1074 2590 1149 2624 396.

317 2645 343 2688 2)
367 2645 667 2680 Maurenbrecher
689 2645 709 2679 1.
733 2646 753 2679 l.
778 2645 812 2687 ll,
836 2644 880 2680 87
903 2645 945 2679 D.
