1868 3093
809 157 1077 198 -52-

220 266 336 318 leges
358 266 515 306 Livium
547 266 786 319 neglexisse
808 277 1058 319 quamquam
1081 267 1221 320 negari
1242 278 1326 308 non
1348 270 1499 319 potest,
1528 270 1664 309 tamen

220 330 429 371 annalium
471 332 698 382 scriptores
740 333 888 372 eadem
931 333 1096 373 licentia
1135 333 1386 383 aliquotiens
1426 343 1530 374 usos
1567 343 1664 373 esse

218 397 303 436 veri
346 396 481 436 simile
524 398 597 436 est.
655 395 766 444 Quin
809 397 930 437 etiam
973 398 1081 438 sicut
1112 397 1251 437 Livius
1282 408 1353 438 rex
1382 397 1663 438 Macedonum

220 465 376 511 quanto
407 472 501 500 cum
531 471 611 501 suo
643 462 796 501 damno
828 464 1097 502 occasionem
1128 463 1446 513 praetermiserit
1471 463 1664 510 ostendit,

219 526 273 565 ita
302 525 574 577 Thucydides
607 525 709 578 (Vlll
739 526 803 574 96,
833 525 961 579 4—5)
998 526 1316 567 Lacedaemonii
1352 527 1393 567 in
1430 527 1554 567 rebus
1590 537 1664 579 ge-

220 591 360 632 rendis
403 592 525 632 nimis
566 593 682 639 tardi,
723 593 758 632 si
802 592 975 633 Euboea
1017 595 1137 643 capta
1177 593 1217 632 in
1257 591 1445 633 Piraeum
1488 592 1664 632 navibus

219 657 416 697 nudatum
447 657 623 708 proiecti
654 660 807 705 essent,
841 660 1035 709 quantam
1066 658 1276 698 utilitatem
1308 669 1359 698 ex
1388 659 1466 698 hac
1497 668 1538 698 re
1568 668 1663 709 per-

219 723 376 774 cepturi
408 722 558 763 fuerint
587 724 685 775 quin
718 724 870 764 doceat
897 724 1034 765 facere
1065 735 1148 764 non
1179 726 1327 775 potest.

217 841 254 881 3.
296 840 447 889 Quas
491 843 605 894 ipsi
650 842 935 884 historiae
979 844 1309 895 argumento
1351 842 1665 884 inseruerit

731 908 1155 958 expositiones.

330 993 411 1033 lam
448 995 544 1034 mihi
583 994 806 1034 dicendum
843 995 917 1034 erit
948 995 999 1034 de
1031 995 1081 1035 iis
1112 1005 1219 1045 quae
1250 994 1330 1045 ipsi
1361 1004 1493 1033 rerum
1525 1003 1663 1032 narra-

219 1059 320 1099 tioni
352 1059 623 1111 interpositae
653 1061 749 1100 sunt
780 1059 1128 1111 expositionibus,
1159 1070 1265 1111 quae
1296 1059 1501 1111 quatenus
1527 1058 1663 1098 nudae

218 1125 428 1163 annalium
479 1126 726 1175 scriptorum
774 1125 917 1164 rationi
964 1125 1215 1164 conveniant
1256 1124 1484 1164 videamus.
1553 1123 1665 1162 Licet

218 1190 353 1229 autem
387 1191 632 1239 exspectare
664 1191 703 1228 et
730 1189 1031 1240 explicationes
1053 1189 1174 1229 altius
1196 1190 1389 1240 repetitas
1411 1191 1451 1229 et
1470 1191 1662 1228 terrarum

218 1254 487 1306 gentiumque
537 1253 844 1304 descriptiones
889 1257 928 1293 et
972 1254 1278 1304 disputationes
1323 1264 1406 1293 rem
1451 1253 1663 1292 militarem

217 1319 460 1370 spectantes
504 1328 529 1357 a
573 1317 688 1358 Livio
733 1318 916 1359 omissas
960 1328 1057 1359 esse
1074 1317 1114 1365 1).
1183 1317 1316 1370 Atque
1361 1317 1663 1370 explicationes

218 1384 387 1434 quidem
419 1383 541 1424 altius
572 1384 768 1434 repetitae
794 1395 818 1423 a
838 1384 970 1434 prima
991 1384 1133 1434 operis
1154 1384 1325 1431 decade,
1355 1384 1390 1423 si
1414 1383 1664 1423 discesseris

218 1449 271 1488 ab
317 1458 377 1494 ea,
422 1458 504 1498 qua
550 1448 601 1487 de
647 1448 856 1499 prioribus
898 1446 1113 1488 Gallorum
1156 1447 1465 1488 incursionibus
1507 1446 1662 1497 aliquid

219 1514 370 1553 certius
418 1512 547 1559 affert,
596 1523 769 1563 prorsus
819 1515 915 1553 sunt
962 1513 1132 1553 alienae.
1195 1513 1257 1552 Ne
1307 1513 1347 1552 in
1396 1523 1445 1551 ea
1495 1512 1662 1562 quidem

218 1578 480 1617 historiarum
511 1579 637 1628 parte,
668 1577 737 1616 ubi
760 1575 979 1629 Polybium
1010 1577 1209 1625 adhibuit,
1240 1577 1330 1617 eius
1360 1576 1600 1617 auctoritate
1622 1578 1665 1615 ut

218 1654 241 1682 a
272 1644 429 1682 ratione
460 1643 584 1682 solita
614 1643 805 1683 discedat
837 1643 1066 1682 adducitur.
1124 1642 1227 1682 Nam
1265 1653 1372 1693 quae
1403 1640 1663 1693 Polybium²j

219 1710 390 1748 secutus
420 1708 473 1747 de
495 1708 709 1759 Zacyntho
740 1708 875 1748 insula
905 1710 944 1748 et
969 1708 1021 1748 de
1043 1706 1332 1761 Gallograecis
1352 1707 1530 1755 exhibet,
1560 1707 1663 1747 haec

219 1784 301 1813 non
334 1774 425 1813 sine
447 1775 560 1825 gravi
583 1783 711 1813 causa
731 1773 902 1813 addidit.
945 1772 1009 1812 De
1030 1773 1242 1824 Zacyntho
1266 1774 1374 1812 enim
1396 1771 1579 1824 (XXXVI
1599 1772 1664 1819 31,

224 1838 393 1885 10—32,
413 1837 458 1890 2)
489 1848 539 1878 ea
569 1838 609 1877 in
640 1838 785 1889 primis
815 1839 966 1886 monet,
996 1848 1047 1877 ex
1079 1838 1232 1888 quibus
1262 1848 1346 1888 quo
1377 1837 1463 1877 iure
1490 1836 1662 1879 Romani

218 1904 394 1943 insulam
426 1904 479 1942 ab
501 1904 681 1943 Achaeis
713 1905 938 1953 reposcant
963 1905 1117 1953 pateat;
1147 1904 1187 1942 et
1207 1903 1260 1942 de
1282 1900 1663 1953 Gallograecorum,

218 1968 288 2019 qui
330 1968 498 2008 Brenno
540 1968 647 2008 duce
689 1968 729 2007 in
771 1967 912 2008 Asiam
954 1968 1212 2015 transierunt,
1259 1967 1417 2019 origine
1460 1967 1585 2007 docet
1625 1969 1664 2007 et

217 2034 373 2084 opibus
417 2044 469 2073 eo
514 2034 675 2074 scilicet
716 2044 820 2074 usus
862 2033 1052 2081 consilio,
1095 2035 1138 2073 ut
1178 2043 1301 2084 quam
1343 2043 1467 2085 grave
1509 2032 1662 2072 bellum

218 2099 428 2138 immineat
453 2098 651 2140 Romanis
682 2101 825 2138 contra
855 2109 1009 2138 novum
1040 2099 1149 2138 hunc
1180 2100 1220 2138 et
1248 2097 1468 2138 terribilem
1500 2099 1662 2137 hostem

217 2163 416 2214 profectis
458 2164 653 2203 ostendat
693 2162 909 2215 (xxxvlll
947 2162 1025 2215 16).
1095 2161 1178 2203 Sed
1222 2173 1302 2202 una
1343 2173 1444 2203 sane
1488 2163 1664 2202 occurrit

218 2229 438 2280 digressio,
469 2239 576 2278 quae
607 2239 700 2268 cum
732 2229 784 2267 ad
816 2238 883 2268 res
914 2230 1096 2268 narratas
1127 2227 1225 2267 nihil
1256 2228 1426 2267 omnino
1452 2228 1662 2278 pertineat,

330 2349 353 2387 ¹)
379 2346 512 2380 Confer
542 2345 631 2380 Gell.
657 2347 686 2379 V
717 2347 764 2387 18,
794 2347 816 2380 8
846 2346 1090 2388 (Sempronius
1120 2345 1283 2386 Asellio):
1318 2345 1414 2379 Inter
1441 2354 1513 2386 eos,
1543 2345 1662 2387 inquit,

218 2400 282 2440 qui
310 2401 464 2433 annales
494 2400 695 2442 relitzquere
720 2401 927 2440 voluissent,
963 2402 998 2433 et
1025 2408 1096 2440 eoS,
1132 2400 1197 2441 qui
1219 2408 1276 2432 res
1295 2402 1420 2443 gestas
1443 2409 1466 2433 a
1489 2399 1664 2436 Romanis

214 2454 435 2495 perscribere
458 2455 583 2488 conati
611 2457 738 2494 essent,
770 2455 929 2487 omnium
955 2462 1072 2487 rerum
1096 2454 1164 2492 boc
1188 2454 1364 2497 Interfuit:
1396 2454 1558 2488 Annales
1581 2454 1664 2487 libri

217 2509 466 2541 tantummodo
489 2509 588 2549 quod
602 2508 746 2551 sactum
772 2516 916 2550 quoque
939 2516 1037 2541 anno
1058 2509 1199 2550 gestum
1215 2508 1271 2548 sit,
1297 2516 1341 2542 ea
1356 2508 1661 2547 demonstrabant,

217 2562 256 2596 id
278 2563 333 2596 est
355 2562 465 2604 quasi
487 2562 551 2604 qui
572 2563 729 2597 Marium
753 2562 925 2603 scribunt,
950 2571 1058 2604 quam
1084 2562 1220 2597 Graeci
1241 2561 1425 2606 ἐφημερίδα
1450 2565 1587 2597 vocant.

329 2618 354 2657 ²)
379 2616 419 2649 Η.
443 2616 585 2657 Nissen,
610 2618 629 2650 l.
654 2618 674 2650 l.
699 2626 779 2659 pag.
804 2618 847 2650 72
872 2619 907 2650 et
934 2617 1003 2651 104.
