1868 3093
820 193 1091 233 -70—

231 304 331 342 tium
362 303 403 340 in
434 302 626 352 Iugurtha
655 302 831 341 similem
864 311 1033 342 causam
1064 302 1305 341 reddentem
1336 304 1443 343 hanc
1464 302 1570 355 (95):
1600 300 1687 343 Sed

232 366 427 418 quomam
456 376 534 406 nos
564 367 670 407 tanti
697 366 775 406 viri
801 377 868 406 res
898 366 1122 413 admonuit,
1163 366 1354 407 idoneum
1385 368 1513 408 visum
1543 371 1606 408 est
1632 368 1684 407 de

233 435 384 472 natura
415 432 604 482 cultuque
634 433 721 472 eius
745 433 896 482 paucis
933 432 1077 472 dicere.
1136 430 1274 480 Quare
1316 433 1561 483 praemissis
1603 432 1682 473 illis

232 497 371 538 verbis
403 499 554 537 certam
587 498 827 538 imitationis
855 499 994 537 notam
1016 508 1116 548 prae
1137 508 1185 538 se
1205 497 1433 538 ferentibus
1455 498 1576 538 nixus
1598 509 1682 538 non

232 565 384 602 temere
416 563 603 602 conicias
633 562 822 602 Tacitum
844 562 1093 602 aemulatum
1125 572 1222 602 esse
1244 560 1494 610 Sallustium,
1524 563 1681 614 quippe

233 638 356 678 quem
388 629 427 668 et
458 628 497 667 in
530 625 708 667 Catilina
738 629 778 667 et
807 627 847 667 in
870 626 1060 679 Iugurtha
1082 629 1121 667 et
1142 627 1181 667 in
1203 627 1387 668 historiis
1408 627 1531 668 simili
1553 628 1681 668 modo

231 694 410 732 virorum
442 693 666 744 insignium
708 693 831 731 vitam
874 694 915 732 et
955 702 1094 731 mores
1135 692 1409 732 adumbrasse
1446 692 1682 732 viderimus.

234 757 512 800 Confirmatur
541 759 645 798 haec
675 757 866 808 suspicio
897 768 949 798 eo
981 757 1089 805 loco,
1119 768 1203 808 quo
1235 756 1284 809 (ll
1314 757 1351 805 5,
1377 756 1499 810 1—6)
1520 756 1682 808 Vespa-

232 825 377 864 sianus
419 826 458 863 et
500 823 734 871 Mucianus,
777 823 908 863 duces
950 824 993 862 ut
1034 823 1217 863 bellandi
1259 823 1404 863 virtute
1444 824 1597 875 egregii
1629 823 1683 862 ita

233 890 402 941 ingenio
424 891 464 929 et
485 889 671 929 moribus
694 889 886 940 dispares
908 889 1013 929 inter
1033 899 1079 929 se
1102 892 1418 940 componuntur,
1439 889 1493 928 ita
1514 889 1682 939 quidem

234 956 275 994 ut
295 955 434 1006 imago
455 954 706 1005 Vespasiani
729 964 932 1005 expressa
952 954 1151 994 Muciano
1177 955 1465 1005 praeponatur.
1524 953 1682 993 Eodem

233 1021 342 1060 enim
373 1020 502 1059 modo
525 1017 763 1059 Sallustium
796 1020 835 1058 in
867 1019 1049 1059 historiis
1082 1018 1114 1069 (l
1144 1017 1376 1070 116—118)
1407 1017 1574 1059 Sertorii
1609 1029 1683 1058 na-

236 1088 362 1124 turam
394 1084 605 1136 ingenium
637 1085 761 1123 artem
801 1083 993 1123 bellicam
1037 1093 1129 1122 cum
1172 1083 1344 1123 Metello
1388 1084 1681 1134 composuisse

236 1151 399 1190 constat
439 1148 586 1201 (supra
627 1159 721 1201 pag.
750 1148 806 1201 8).
865 1148 956 1188 Hoc
998 1148 1163 1188 maximi
1206 1150 1270 1189 est
1313 1149 1519 1188 momenti.
1578 1149 1681 1189 Nam

233 1227 325 1255 cum
370 1215 541 1255 Tacitus
584 1214 651 1254 illa
696 1224 804 1265 quae
848 1212 1022 1254 Catonis
1064 1215 1104 1253 et
1145 1211 1339 1254 Caesaris
1383 1215 1681 1265 comparationi

233 1281 418 1320 adhibita
450 1282 512 1319 est
542 1280 700 1319 ratione
731 1279 921 1330 neglecta
952 1289 1053 1325 eam,
1084 1289 1191 1329 quae
1222 1279 1405 1318 historiis
1436 1279 1589 1319 inserta
1619 1283 1683 1321 est

233 1345 502 1396 comparatio,
533 1345 677 1384 imitari
700 1344 875 1383 voluerit
892 1342 934 1395 ¹),
957 1344 1144 1384 conicias
1170 1353 1346 1384 necesse
1369 1345 1433 1384 est
1453 1344 1493 1383 in
1515 1344 1681 1384 histori-

233 1422 345 1451 arum
360 1421 520 1450 morum
537 1408 894 1460 descriptionibus
911 1409 1175 1449 instituendis
1188 1408 1377 1449 Tacitum
1399 1420 1483 1449 non
1502 1411 1582 1449 tam
1599 1408 1681 1450 Ca-

232 1477 387 1516 tilinam
414 1478 454 1515 et
470 1475 700 1527 Iugurtham
728 1485 851 1525 quam
877 1475 1072 1515 historias
1085 1473 1117 1526 2)
1138 1473 1411 1515 Sallustianas
1432 1476 1681 1526 respexisse.

344 1575 370 1615 ¹)
393 1573 663 1607 Animadvertas
689 1572 803 1613 velim,
842 1573 1062 1614 quantopere
1099 1572 1209 1606 verba
1244 1572 1374 1614 quibus
1402 1572 1615 1614 Vespasiani
1648 1574 1683 1607 et

232 1628 387 1662 Muciani
412 1627 631 1669 comparatio
657 1627 877 1660 concluditur
900 1628 1007 1660 haec:
1045 1627 1227 1669 egregium
1258 1626 1488 1669 principatus
1511 1628 1681 1669 tempera-

232 1684 399 1723 mentum,
422 1683 457 1716 si
480 1682 631 1723 demptis
649 1682 836 1723 utriusque
860 1682 957 1715 vitiis
980 1681 1083 1715 solae
1107 1682 1255 1715 virtutes
1279 1682 1514 1716 miscerentur
1535 1683 1683 1723 (monuit

232 1739 277 1772 de
303 1740 372 1771 hoc
397 1739 454 1771 loc
478 1738 512 1770 F.
538 1737 626 1770 Leo:
650 1737 806 1777 Tacitus,
837 1746 887 1770 or.
912 1735 1028 1771 Goett.
1054 1746 1084 1770 a.
1113 1736 1197 1770 1896
1220 1745 1300 1778 pag.
1324 1737 1360 1778 5)
1391 1737 1578 1770 concinant
1602 1746 1681 1770 cum

231 1793 283 1833 iis,
309 1792 440 1834 quibus
466 1791 685 1825 Posidonius
710 1791 805 1824 Fabii
830 1791 864 1824 et
887 1790 1043 1824 Marcelli
1080 1795 1250 1833 σύγκρισιν
1285 1790 1439 1824 absolvit
1473 1789 1574 1832 (plut.
1598 1791 1680 1825 Fab.

231 1847 325 1880 Max,
352 1856 380 1880 c,
409 1846 457 1887 19,
486 1847 554 1886 l7):
579 1847 783 1887 κιρναμένην
807 1843 844 1876 δὲ
867 1847 930 1884 τὴν
955 1846 1083 1884 Φαβίου
1106 1848 1312 1884 βεβαιότητα
1346 1847 1400 1875 καὶ
1434 1844 1618 1886 ἀσφάλειαν
1641 1851 1682 1885 τῇ

231 1899 430 1942 ᾸΙαρκὲλλου
457 1899 621 1939 συνηθείᾳ
646 1902 816 1941 σωτήριον
837 1898 998 1941 γενέσθαι
1023 1907 1092 1932 τοῖς
1112 1900 1302 1939 (Ρωμαίοις.
1349 1898 1426 1933 HOC
1462 1899 1601 1946 maximi
1626 1902 1681 1934 est

231 1955 408 1989 momenti.
455 1955 544 1988 Nam
570 1964 649 1988 cum
666 1954 868 1988 Sallustium
894 1954 1181 1996 comparationes
1199 1963 1285 1988 suas
1304 1953 1488 1987 Posidonii
1513 1955 1679 1996 exemplo

230 2010 425 2043 instituisse
450 2009 675 2042 effecerimus
700 2010 794 2051 (pag.
823 2009 886 2049 16),
911 2009 996 2050 quid
1021 2008 1094 2042 veri
1119 2008 1266 2042 similius
1302 2017 1407 2050 quam
1443 2017 1488 2041 ex
1513 2007 1678 2042 Sallustio

230 2064 423 2097 imitatione
448 2064 540 2096 illum
565 2064 683 2097 locum
707 2071 919 2105 expressum
944 2071 1037 2096 esse.

319 2120 344 2159 ²)
369 2117 434 2152 Cui
459 2118 686 2151 coniecturae
712 2117 856 2160 egregie
882 2118 1071 2151 concinere
1107 2118 1204 2159 puto,
1240 2117 1339 2160 quod
1370 2117 1516 2152 Tacitus
1539 2117 1680 2152 histori-

229 2182 326 2206 arum
350 2173 574 2214 prooemium
600 2180 645 2205 ex
670 2171 822 2206 Sallustii
854 2172 1008 2205 historiis
1034 2172 1225 2205 imitatione
1261 2172 1449 2214 expressit.
1496 2171 1559 2205 Hic
1588 2172 1680 2205 enim

231 2227 407 2270 incipiens
424 2227 489 2260 ita:
523 2226 593 2263 Res
610 2226 743 2269 populi
765 2225 922 2263 Romani
944 2226 992 2260 M.
1018 2227 1152 2269 Lepido
1178 2227 1218 2267 Q.
1247 2226 1377 2261 catulo
1401 2226 1613 2261 consulibus
1636 2236 1680 2261 ac

229 2282 360 2315 deinde
377 2281 529 2315 militIae
545 2282 579 2314 et
601 2281 702 2314 domi
720 2282 846 2323 gestas
869 2281 1058 2322 composui
1080 2281 1131 2321 (fr.
1158 2283 1189 2321 1)
1214 2307 1221 2314 .
1240 2306 1246 2312 .
1266 2308 1272 2314 .
1298 2290 1377 2315 cum
1408 2282 1545 2323 priores
1569 2282 1679 2323 scrip-

227 2339 326 2370 tores
365 2337 424 2369 aut
462 2335 587 2378 paucis
628 2335 747 2369 omnia
785 2335 1029 2369 absolvissent
1067 2335 1118 2376 (fr.
1141 2336 1175 2375 4)
1216 2337 1274 2369 aut
1312 2335 1346 2368 in
1386 2335 1541 2369 deterius
1580 2344 1679 2369 com-

228 2390 438 2433 posuissent
461 2391 513 2431 (fr.
538 2390 583 2431 5),
608 2399 649 2424 se
673 2392 790 2424 tamen
815 2390 994 2424 diversam
1029 2392 1165 2432 partem
1202 2390 1235 2423 in
1272 2390 1433 2424 civilibus
1469 2391 1574 2424 armis
1606 2399 1678 2424 non

229 2445 389 2478 movisse
414 2454 435 2478 a
459 2454 545 2478 vero
570 2445 728 2478 affirmat.
776 2444 951 2478 Conferas
975 2445 1079 2478 velim
1103 2445 1272 2484 Tacitum,
1297 2444 1356 2486 qui
1377 2453 1530 2478 exorsus
1554 2445 1599 2477 ab
1624 2444 1678 2478 his

228 2499 366 2532 verbis:
390 2499 536 2533 Im'tium
553 2499 645 2533 mim·
660 2499 780 2542 open's
795 2498 943 2532 Servius
961 2498 1082 2534 Galba
1099 2500 1226 2533 lterum
1249 2499 1350 2533 Titus
1370 2499 1496 2533 Vinius
1511 2499 1680 2533 consules

228 2555 334 2587 erunt
441 2563 519 2587 cum
544 2556 629 2596 post
653 2563 809 2597 pugnam
833 2554 1008 2588 Actiacam
1044 2554 1238 2596 scriptores
1274 2554 1320 2587 ab
1348 2562 1393 2587 ea
1417 2562 1522 2595 quam
1546 2553 1677 2588 liberae

227 2609 276 2642 rei
301 2609 466 2651 publicae
491 2609 632 2651 ingenia
656 2617 742 2651 prae
767 2617 808 2642 se
832 2609 971 2643 tulerint
1005 2609 1152 2642 veritate
1189 2617 1231 2642 ac
1256 2608 1416 2642 libertate
1440 2608 1547 2651 longe
1573 2608 1678 2642 deer-

226 2664 377 2703 rassent,
400 2671 442 2696 se
458 2664 576 2697 tamen
594 2671 710 2705 neque
727 2671 849 2697 amore
865 2664 900 2696 et
913 2663 992 2697 stne
1008 2663 1130 2697 studio
1147 2664 1361 2696 narraturum
1378 2670 1463 2696 esse
1481 2664 1675 2697 asseverat.
