1868 3093
781 247 1051 286 -17.,.

198 371 324 412 supra
354 359 656 411 disputavimus
687 354 993 406 descriptiones
1022 355 1074 393 ad
1106 353 1323 394 Posidonii
1355 354 1637 394 auctoritatem

197 426 539 472 revocaverimus,
560 432 695 472 neque
717 421 770 460 ab
791 420 856 459 his
878 420 1014 471 elogia
1036 420 1114 459 nisi
1146 420 1241 458 loco
1264 430 1347 469 quo
1374 421 1469 458 sunt
1498 420 1638 458 addita

198 491 362 531 diversa
402 489 494 537 sint,
529 488 607 527 hac
656 486 696 525 in
739 495 780 524 re
821 484 875 524 ad
917 484 1104 524 eiusdem
1146 484 1360 535 scriptoris
1402 484 1636 534 exemplum

198 554 434 596 Sallustium
465 563 512 593 se
543 550 831 591 conformasse
861 560 945 589 non
975 548 1083 590 falso
1106 550 1377 601 opinabimur.
1436 549 1498 589 Ad
1531 550 1636 589 hanc

197 619 440 660 sententiam
471 616 796 657 confirmandam
827 615 1012 655 nonnihil
1057 615 1195 655 valent
1236 616 1430 655 historiae
1463 614 1634 666 Pompei

195 684 332 735 Trogi,
354 693 476 733 quem
498 682 537 721 in
560 681 771 720 hominurn
793 680 979 720 moribus
1008 680 1281 732 designandis
1302 680 1490 720 eiusdem
1514 679 1635 720 Posi-

196 749 309 789 donii
330 748 504 799 vestigia
525 747 734 798 pressisse
756 746 947 787 diximus.
988 744 1231 796 Pompeium
1253 747 1388 785 autem
1412 746 1634 797 insignium

193 815 371 853 virorum
389 814 560 852 mortem
581 813 634 852 ita
656 814 920 863 prosecutum
943 822 1050 859 esse,
1072 814 1114 851 ut
1134 812 1308 862 primum
1326 822 1434 862 quos
1456 811 1634 862 quisque

193 890 328 919 annos
370 879 606 930 expleverat
646 879 869 926 annotaret,
911 878 1063 917 deinde
1108 878 1160 917 de
1204 878 1389 917 moribus
1432 880 1471 917 et
1514 877 1634 917 factis

196 946 335 984 notatu
357 944 495 996 dignis
516 944 724 990 iudicaret,
755 943 797 982 id
831 945 1002 997 apparet
1032 953 1082 982 ex
1106 942 1245 982 Iustini
1267 943 1460 992 epitoma,
1492 943 1530 981 In
1553 953 1633 993 qua

195 1009 507 1061 Epaminondae
549 1008 627 1056 (VI,
669 1007 826 1060 VIIII),
869 1006 1046 1059 Philippi
1089 1007 1167 1058 (IX,
1210 1007 1291 1047 VIII
1322 1009 1368 1056 l),
1411 1007 1632 1047 Alexandri

193 1075 334 1127 Magni
376 1073 473 1122 (XII,
502 1073 661 1121 XVII),
703 1072 813 1124 Pyrri
856 1072 992 1121 (XXV,
1023 1072 1117 1122 V2)
1160 1073 1295 1124 elogia
1337 1076 1432 1112 sunt
1461 1076 1632 1120 servata,

192 1150 298 1190 quae
341 1140 438 1190 quin
480 1137 696 1179 Posidonii
742 1149 856 1178 more
900 1138 982 1178 sint
1024 1138 1206 1178 instituta
1250 1148 1373 1178 nemo
1418 1138 1629 1178 dubitabit.

192 1205 337 1255 Neque
368 1204 478 1244 aliud
509 1204 774 1243 iudicandum
813 1206 876 1243 est
906 1204 957 1243 de
988 1204 1134 1254 paucis
1177 1204 1434 1251 excursibus,
1476 1205 1629 1254 quibus

192 1268 417 1321 Pompeius
446 1271 638 1309 terrarum
679 1268 743 1309 vel
786 1268 971 1309 locorum
1014 1269 1248 1322 insignium,
1290 1271 1332 1309 ut
1367 1267 1628 1322 Carthaginis

191 1337 272 1386 (ep.
302 1334 434 1383 XVIII,
464 1334 564 1382 VIll)
595 1337 635 1374 et
664 1334 939 1374 Macedoniae
972 1334 1159 1382 (XXXIII,
1190 1335 1219 1374 11
1253 1334 1309 1386 6),
1342 1335 1425 1375 fine
1456 1339 1628 1383 narrato,

191 1401 401 1440 historiam
423 1410 560 1439 earum
586 1399 762 1438 breviter
777 1400 1100 1450 comprehendit.
1146 1399 1280 1451 Atque
1294 1410 1345 1439 ne
1363 1401 1441 1441 hos
1460 1401 1627 1451 quidem

190 1476 215 1505 a
246 1463 427 1505 Sallustii
458 1465 640 1504 historiis
669 1464 800 1504 tuisse
830 1465 993 1504 alienos
1022 1465 1126 1504 infra
1150 1465 1386 1505 videbimus
1417 1466 1526 1517 (pag.
1546 1466 1630 1517 90).

186 1572 327 1613 2.De
369 1583 429 1613 ea
471 1583 575 1623 qua
615 1573 693 1613 rei
735 1573 1006 1623 publicae
1049 1572 1325 1616 Romanae
1357 1575 1628 1614 condicio

543 1639 849 1688 exponitur
890 1638 1271 1690 digressione.

298 1724 410 1765 Haec
431 1725 466 1765 si
489 1727 597 1765 recte
615 1725 805 1773 diximus,
826 1725 905 1765 iam
928 1726 980 1765 ad
1002 1736 1074 1766 eas
1092 1736 1197 1776 quae
1220 1727 1259 1765 in
1282 1727 1375 1777 ipsa
1396 1728 1626 1767 narratione

186 1794 227 1831 et
248 1790 511 1842 expositione
536 1792 755 1830 occurrunt
772 1791 1058 1842 digressiones
1071 1802 1305 1843 pergamus.
1354 1791 1625 1832 Exordiamur

186 1858 321 1896 autem
352 1867 376 1895 a
406 1854 492 1896 Cat.
521 1856 585 1904 36,
604 1857 632 1895 4
661 1867 733 1906 sq„
775 1856 844 1896 ubi
876 1854 1097 1898 Sallustius
1139 1857 1191 1896 de
1233 1852 1396 1897 summo
1439 1859 1625 1908 periculo

187 1922 471 1962 coniuratione
503 1919 702 1962 Catilinae
744 1922 800 1961 rei
838 1922 1031 1973 publicae
1073 1924 1216 1973 parato
1261 1923 1437 1963 disserit.
1497 1921 1624 1964 Sicuti

185 1988 294 2027 enim
326 1987 574 2038 aliquotiens
616 1998 753 2027 mores
785 1989 824 2027 et
853 1990 1035 2027 naturam
1067 1989 1277 2027 hominum
1320 1989 1529 2035 describit,
1571 1990 1624 2029 ita

185 2053 317 2103 prima
346 2052 467 2092 huius
499 2063 698 2092 excursus
729 2054 843 2103 parte
874 2052 1057 2103 populus
1089 2055 1129 2092 et
1158 2054 1372 2103 imperium
1395 2053 1623 2095 Romanum

185 2118 340 2167 quanto
370 2117 519 2156 fuerint
548 2118 588 2156 in
620 2117 857 2157 discrimine
880 2118 1013 2165 docet,
1044 2128 1136 2157 cum
1159 2129 1242 2157 non
1266 2118 1401 2158 solum
1424 2120 1622 2158 coniurati

185 2182 261 2221 sed
298 2183 489 2221 universa
531 2182 664 2232 plebs,
714 2193 879 2233 semper
918 2194 1048 2222 rerum
1099 2184 1409 2223 evertendarum
1460 2185 1623 2235 cupida,

186 2246 340 2288 Romae
362 2247 498 2286 multis
520 2247 611 2285 aliis
633 2247 684 2285 de
707 2248 845 2286 causis
868 2248 1079 2296 seditiosa,
1104 2249 1160 2287 rei
1183 2248 1376 2298 publicae
1397 2249 1620 2299 perniciem

185 2312 324 2351 molita
354 2312 416 2351 sit.
474 2310 683 2350 Describit
712 2312 832 2363 igitur
861 2310 1081 2351 Sallustius
1113 2314 1303 2352 miseram
1340 2315 1394 2352 rei
1427 2314 1619 2363 publicae

186 2376 392 2419 Romanae
415 2376 717 2416 condicionem.
765 2375 890 2423 Quod
913 2377 1031 2416 cuius
1053 2378 1244 2427 exemplo
1265 2377 1407 2417 fecerit
1427 2379 1461 2417 si
1484 2379 1621 2428 placet

182 2442 447 2492 inquiramus.

291 2507 379 2548 Nec
410 2506 627 2547 defuerunt
656 2509 725 2558 qui
755 2507 1013 2560 Thucydidis
1055 2508 1229 2560 vestigia
1273 2520 1366 2549 eum
1409 2511 1619 2560 pressisse

180 2573 500 2623 suspicarentur,
521 2573 561 2611 in
583 2573 644 2613 eis
662 2573 703 2612 Ε.
724 2573 965 2620 Mollmann‚
986 2574 1055 2623 qui
1077 2573 1219 2612 scribit
1239 2574 1262 2613 l.
1284 2585 1317 2614 c.
1339 2585 1431 2626 pag.
1453 2576 1478 2614 3
1499 2576 1620 2616 haec:

184 2635 304 2685 „Quo
346 2638 385 2677 in
416 2649 585 2678 numero
628 2639 667 2678 in
709 2639 851 2690 primis
892 2639 1105 2679 referenda
1135 2641 1199 2679 est
1239 2641 1405 2693 egregia
1447 2641 1514 2681 illa
1544 2642 1618 2681 de-

179 2703 351 2753 scriptio
384 2704 560 2743 civilium
584 2705 894 2744 dissensionum
917 2703 1166 2744 Graecarum
1199 2706 1341 2752 (Thuc.
1363 2706 1408 2745 lll
1431 2707 1618 2754 81—84),

245 2776 419 2804 Theissen.
1401 2782 1421 2814 2
