1868 3093
868 584 1021 646 Vita.

333 712 463 752 Natus
506 723 596 752 sum
641 710 875 753 Guilelmus
916 712 1124 753 Theissen
1168 713 1235 753 die
1276 713 1313 753 3.
1354 713 1513 753 mensis
1554 712 1672 752 Mart.

221 778 316 818 anni
348 775 733 818 MDCCCLXXXV
775 778 814 817 in
857 778 952 818 vico
995 776 1360 831 Oldenburgiensi,
1411 778 1476 818 cui
1518 790 1670 819 nornen

222 846 286 884 est
316 844 486 891 Bakum,
517 847 631 894 patre
655 842 877 891 Guilelmo,
905 846 1031 884 matre
1059 842 1219 885 Gesina
1240 855 1262 884 e
1284 845 1406 895 gente
1427 842 1672 891 Diekmann,

223 920 330 960 quae
362 910 458 948 mihi
483 909 783 960 septemdecim
806 919 941 949 annos
972 912 1068 949 nato
1090 911 1350 960 praematura
1381 911 1510 949 morte
1532 910 1673 960 erepta

223 978 297 1015 est.
356 974 469 1014 Fidei
501 975 695 1015 addictus
726 985 818 1014 sum
851 975 1091 1014 catholicae.
1150 973 1296 1013 Primis
1328 974 1492 1025 linguae
1523 974 1672 1013 latinae

224 1040 440 1080 elementis
472 1040 655 1080 imbutus
685 1050 708 1079 a
732 1039 920 1092 Josepho
953 1038 1112 1084 Ruholl,
1150 1039 1304 1079 vicario
1346 1038 1426 1078 vici
1458 1039 1575 1090 patrii
1607 1050 1671 1079 re-

223 1107 542 1152 verendissimo,
572 1108 795 1157 postquam
827 1107 909 1145 tres
935 1116 1070 1145 annos
1101 1106 1226 1145 ludos
1251 1105 1384 1145 reales
1404 1105 1673 1157 frequentavi,

224 1173 426 1212 suadente
458 1173 497 1211 et
541 1172 761 1211 adiuvante
787 1171 975 1223 Josepho
1007 1170 1253 1219 Diekmann,
1295 1171 1502 1211 avunculo
1535 1171 1673 1219 docto,

224 1239 263 1277 in
286 1238 547 1289 gymnasium
570 1237 803 1277 Vechtense
825 1237 978 1277 transii.
1038 1236 1160 1278 Unde
1188 1237 1427 1277 testimonio
1449 1237 1674 1277 instructus

225 1303 466 1342 maturitatis
508 1314 604 1342 vere
646 1303 742 1342 anni
775 1300 943 1342 MCMV
973 1302 1274 1342 Monasterium
1317 1313 1381 1342 me
1424 1302 1590 1350 contuli,
1632 1304 1675 1341 ut

223 1368 460 1420 theologiae
483 1378 652 1418 operam
669 1368 821 1415 darem,
843 1367 919 1407 sed
942 1367 1120 1407 consilio
1143 1369 1296 1407 mutato
1321 1378 1417 1407 vere
1439 1368 1673 1419 insequenti

224 1434 336 1484 apud
368 1433 717 1483 philosophorum
740 1433 926 1472 ordinem
956 1444 1108 1473 nomen
1130 1434 1350 1484 professus
1371 1444 1445 1484 per
1464 1435 1524 1473 ter
1544 1443 1675 1473 senos

226 1509 393 1538 menses
417 1498 619 1538 lectiones
650 1500 689 1537 et
710 1499 1028 1539 exercitationes
1050 1499 1131 1539 adii
1163 1511 1225 1539 vv.
1243 1499 1303 1538 ill:
1335 1496 1479 1548 Cauer,
1502 1497 1675 1551 Geyser,

219 1564 371 1615 Jostes,
386 1563 509 1610 Kroll,
524 1562 839 1612 Radermacher,
862 1562 1115 1616 Schwering,
1131 1562 1359 1604 Sonnenbu
1369 1575 1424 1615 rg,
1439 1563 1675 1615 Streitberg.

225 1628 433 1667 Autumno
468 1638 501 1667 a.
533 1625 733 1667 MCMVIl
765 1627 1002 1667 Berolinum
1045 1629 1342 1681 transmigravi,
1385 1628 1454 1668 ubi
1497 1639 1570 1679 per
1600 1639 1675 1669 sex

227 1694 443 1733 semestria
474 1692 647 1732 scholiis
678 1692 838 1732 interfui
871 1693 1178 1744 philosophicis
1210 1696 1248 1733 et
1279 1694 1581 1747 paedagogicis
1611 1705 1674 1734 vv.

231 1759 304 1798 dd:
354 1757 541 1805 Dessoir‚
591 1757 810 1805 Erdmann,
859 1757 1050 1807 Paulsen,
1098 1757 1276 1810 Stumpf;
1320 1759 1588 1812 philologieis
1637 1761 1678 1800 et

227 1825 438 1865 historicis
469 1836 532 1862 vv.
564 1824 621 1862 ill:
652 1822 782 1870 Diels,
816 1823 1054 1873 Herrmann,
1085 1824 1214 1871 Helm,
1245 1824 1288 1863 E.
1308 1824 1463 1875 Meyer,
1493 1825 1676 1871 Norden,

228 1890 269 1930 E.
291 1888 489 1936 Schmidt,
508 1888 571 1928 W.
592 1886 779 1936 Schulze,
800 1887 969 1937 Vahlen,
995 1889 1047 1928 de
1067 1888 1676 1937 Wilamowitz-Moellendorft,

226 1955 424 1995 Wentzel.
502 1953 792 1993 Proseminarii
837 1954 1079 2005 philologici
1114 1954 1138 2001 1,
1180 1955 1245 1993 cui
1287 1956 1370 1993 tum
1414 1954 1677 2004 praefuerunt

228 2021 401 2069 primum
434 2019 485 2058 de
517 2017 1126 2066 Wilamowitz-Moellendorlf,
1164 2021 1313 2069 postea
1343 2018 1473 2067 Helm,
1515 2030 1589 2069 per
1616 2021 1678 2059 ter

227 2095 357 2125 senos
388 2094 558 2124 menses
589 2084 752 2123 sodalis
772 2083 829 2123 fui
861 2084 1106 2123 ordinarius.
1165 2082 1330 2131 Quibus
1352 2084 1548 2124 omnibus
1577 2085 1676 2123 viris

228 2150 497 2197 doctissimis,
529 2149 598 2200 qui
625 2149 677 2188 de
699 2149 850 2189 studiis
872 2150 975 2189 meis
998 2150 1152 2200 optime
1180 2150 1309 2190 meriti
1332 2151 1438 2197 sunt,
1465 2150 1505 2189 in
1533 2149 1678 2199 primis

228 2216 423 2255 Eduardo
463 2215 646 2263 Norden,
688 2215 758 2265 qui
801 2215 982 2267 benigne
1023 2216 1202 2255 consilio
1245 2215 1341 2254 mihi
1384 2216 1551 2265 praesto
1592 2214 1677 2262 fuit,

229 2282 399 2320 memori
431 2281 569 2319 animo
601 2281 754 2332 gratias
785 2280 921 2318 habeo
954 2280 1167 2319 maximas.

340 2345 523 2385 Examen
565 2345 799 2396 rigorosum
842 2345 1018 2384 sustinui
1062 2345 1128 2384 die
1163 2345 1226 2384 23.
1258 2346 1414 2385 mensis
1445 2344 1548 2384 Nov.
1580 2346 1675 2385 anni

228 2408 427 2450 MCMXl.
