1868 3093
817 237 1078 277 *58—

218 347 440 385 occurrunt
470 346 770 397 digressiones.
810 344 930 393 Quae
962 346 1176 397 quomodo
1207 346 1481 397 explicandae
1511 347 1594 387 sint
1623 349 1665 386 ut

219 420 543 462 cognoscamus,
586 421 669 450 non
712 411 900 463 singulas
943 411 1129 452 eiusdem
1172 412 1337 463 generis
1376 412 1664 464 digressiones

218 486 293 526 per
321 475 453 515 Taciti
485 486 614 526 opera
644 476 849 516 debemus
880 477 1088 527 persequi,
1119 477 1195 515 sed
1227 487 1319 516 cum
1350 476 1391 515 in
1422 476 1504 516 alio
1536 477 1663 527 opere

218 540 518 591 componendo
549 541 631 580 alio
663 552 746 580 non
778 541 913 581 solum
946 541 1110 581 dicendi
1142 541 1218 581 sed
1250 542 1371 581 etiam
1402 542 1592 581 narrandi
1624 543 1664 581 et

218 606 459 656 exponendi
492 608 643 658 'genere
675 607 727 646 sit
757 617 871 654 usus,
908 609 1072 647 servato
1103 618 1188 658 quo
1219 608 1444 658 conscripti
1474 608 1665 647 videntur

216 681 315 711 esse
357 672 504 711 ordine
547 672 738 724 singulos
781 672 911 712 libros
953 672 1194 723 perscrutati
1231 672 1331 723 quid
1370 673 1573 723 cuiusque
1610 672 1661 712 de

218 737 555 788 digressionibus
586 737 906 777 existimandum
938 739 991 778 sit
1021 738 1234 788 exquirere
1265 740 1455 788 praestat.

219 869 253 908 1.
294 867 369 909 De
416 869 637 909 duabus
679 869 770 920 qui
814 870 862 908 in
905 868 1178 921 Agricola
1220 872 1527 909 occurrunt
1567 880 1660 908 ex-

800 934 1082 973 cursibus.

326 1031 461 1082 Atque
503 1032 677 1082 primum
721 1031 888 1082 quidem
931 1031 1042 1069 illum
1086 1032 1154 1081 qui
1195 1031 1246 1070 de
1282 1032 1364 1070 vita
1400 1033 1439 1070 et
1475 1032 1660 1071 moribus

218 1096 303 1136 lulii
335 1096 555 1149 Agricolae
597 1095 834 1136 inscribitur
874 1095 1057 1135 libellum
1100 1096 1426 1136 consideremus.
1485 1095 1580 1144 Quo
1620 1098 1660 1136 in

217 1162 516 1213 componendo
536 1161 724 1201 Tacitum
757 1172 839 1201 non
866 1162 994 1201 modo
1017 1158 1130 1213 quod
1153 1162 1193 1200 in
1216 1159 1392 1202 Catilina
1412 1164 1451 1201 et
1472 1161 1660 1213 Iugurtha

217 1226 440 1268 Sallustius
481 1227 669 1266 adhibuit
710 1227 877 1266 dicendi
920 1237 1053 1278 genus
1090 1227 1383 1278 respexisse1),
1426 1227 1502 1267 sed
1539 1227 1659 1266 etiam

216 1293 406 1343 quamvis
465 1293 505 1331 in
565 1292 731 1331 diverso
790 1293 1032 1343 argumento
1088 1302 1206 1331 usum
1257 1302 1353 1331 esse
1402 1292 1524 1332 simili
1575 1304 1658 1343 quo

216 1356 456 1398 Sallustium
488 1358 528 1397 in
560 1357 751 1410 Iugurtha
782 1357 1015 1397 disserendi
1048 1359 1086 1397 et
1116 1357 1332 1397 enarrandi
1364 1356 1574 1408 ratione2),
1607 1358 1660 1397 ita

215 1426 257 1462 ut
299 1424 406 1463 duas
447 1424 570 1463 huius
612 1423 702 1463 libri
740 1423 1028 1474 digressiones
1064 1426 1103 1462 et
1139 1423 1337 1462 imitando
1377 1422 1591 1474 effingeret
1621 1426 1660 1463 et

214 1489 364 1528 eodem
397 1488 524 1527 modo
556 1489 775 1537 subiceret,
806 1498 937 1539 nuper
967 1488 1125 1527 monuit
1155 1487 1386 1528 Fridericus
1418 1486 1553 1538 Leoss).
1611 1488 1659 1528 Et

215 1554 477 1594 continentur
508 1555 610 1593 inter
639 1564 685 1593 se
707 1556 794 1593 arto
817 1553 1098 1593 similitudinis
1119 1553 1286 1592 vinculo
1309 1564 1415 1604 quae
1437 1551 1658 1594 Sallustius

214 1619 382 1658 exhibet
402 1619 454 1658 de
473 1619 609 1658 Africa
630 1621 669 1657 et
690 1629 796 1669 quae
819 1619 871 1658 de
892 1618 1100 1658 Britannia
1122 1618 1310 1670 leguntur
1329 1618 1442 1669 apud
1458 1618 1657 1658 Tacitum.

215 1682 329 1736 Sicut
360 1684 468 1723 enim
491 1682 713 1723 Sallustius
738 1682 790 1734 (c.
816 1682 882 1735 17)
908 1684 960 1722 ad
983 1683 1134 1723 bellum
1158 1683 1393 1723 Africanum
1415 1685 1657 1724 transiturus

214 1750 266 1789 de
303 1750 384 1789 situ
421 1749 543 1789 huius
579 1752 708 1789 terrae
740 1751 779 1788 et
803 1748 995 1799 gentibus
1026 1750 1206 1799 exponit,
1237 1749 1290 1788 ita
1319 1748 1489 1789 Tacitus
1509 1748 1572 1800 ¹(c.
1602 1749 1658 1802 9),

212 1816 454 1866 priusquam
487 1825 552 1855 res
583 1815 636 1854 ab
667 1814 862 1866 Agricola
893 1815 932 1853 in
964 1814 1172 1853 Britannia
1202 1817 1343 1865 gestas
1374 1814 1503 1862 refert,
1535 1816 1656 1855 huius

213 1881 373 1921 insulae
409 1881 531 1920 situm
560 1880 824 1930 populosque
858 1880 939 1919 sibi
977 1880 1283 1919 describendos
1314 1890 1410 1920 esse
1441 1880 1656 1920 existimat.

212 1946 369 1986 Initium
401 1948 536 1985 autem
558 1946 693 1993 sumit,
723 1947 946 1996 postquam
970 1945 1229 1997 digrediendi
1258 1946 1456 1985 rationem
1478 1946 1656 1996 probare

212 2012 368 2051 studuit
409 2021 540 2062 seque
582 2012 634 2050 ab
678 2011 769 2050 aliis
810 2011 990 2050 nondum
1027 2012 1236 2061 comperta
1271 2010 1522 2062 prolaturum
1559 2021 1655 2052 esse

212 2078 379 2124 monuit,
421 2087 445 2116 a
484 2077 617 2116 forma
658 2077 737 2116 situ
779 2076 935 2116 finibus
977 2077 1137 2116 insulae
1179 2076 1439 2127 explicandis
1483 2075 1534 2127 (c.
1572 2075 1655 2129 lO);

212 2143 405 2182 conferas
425 2142 549 2182 velim
571 2140 822 2189 Sallustium,
854 2143 923 2192 qui
949 2142 1097 2193 paucis
1117 2141 1257 2182 verbis
1278 2142 1521 2193 praemissis
1542 2141 1658 2183 haud

201 2203 331 2258 focile
360 2211 609 2258 compertum
639 2218 686 2247 se
718 2210 969 2246 narraturum
1000 2217 1097 2247 esse
1118 2207 1327 2257 praefatus
1349 2206 1510 2246 Africae
1532 2208 1653 2247 situm

208 2273 317 2313 fines
347 2273 520 2313 formam
552 2274 595 2313 ut
624 2273 791 2313 brevius
823 2273 876 2312 ita
906 2272 1111 2312 simillime
1143 2272 1326 2313 ostendIt
1355 2270 1407 2323 (c.
1433 2272 1492 2321 17,
1516 2272 1654 2324 3—5).

209 2338 373 2379 Deinde
403 2339 574 2379 Tacitus
604 2339 666 2378 sic
697 2338 920 2389 incipiens:
951 2341 1125 2378 ceterum
1155 2337 1414 2377 Brttanniam
1445 2340 1518 2389 qui
1543 2349 1653 2378 mor-

210 2405 313 2444 tales
343 2405 456 2444 iniu'o
487 2404 685 2445 coluerim
810 2403 1097 2443 Britannorum
1129 2403 1329 2455 originem
1357 2403 1482 2443 docet
1508 2402 1560 2456 (c.
1587 2404 1652 2456 ll)

209 2472 250 2510 et
285 2470 496 2509 nonnullis
534 2470 586 2509 de
623 2470 715 2519 ipsa
748 2471 852 2509 terra
882 2469 1048 2509 insertis
1078 2479 1255 2509 exorsus
1285 2480 1309 2508 a
1339 2468 1440 2508 lulio
1472 2467 1653 2509 Caesare

319 2602 343 2641 ¹)
370 2600 402 2633 L.
428 2599 583 2633 wolfflin
609 2599 642 2632 in
668 2598 751 2632 Phil.
777 2600 846 2632 vol.
871 2599 978 2632 XXVI
1001 2599 1048 2640 (a.
1076 2599 1173 2641 1867)
1198 2608 1278 2641 pag.
1302 2600 1373 2632 122.

318 2656 342 2696 2)
368 2655 400 2688 L.
416 2654 560 2695 Urlichs,
579 2654 624 2687 de
636 2653 746 2687 Taciti
763 2653 833 2687 vita
850 2655 885 2687 et
898 2654 1103 2695 honoribus,
1120 2653 1352 2697 wirceburgi,
1369 2662 1399 2687 a.
1418 2654 1509 2695 1879,
1527 2662 1607 2696 pag.
1620 2654 1651 2686 2.

318 2711 343 2750 8)
368 2710 388 2742 l.
413 2710 431 2741 l.
458 2718 537 2750 pag.
556 2709 621 2742 232
644 2709 724 2742 adn.
754 2710 779 2741 l.
1482 2733 1484 2736 ⁴
