1868 3093
795 222 1063 259 —71-

320 324 450 366 Porro
479 324 650 365 Tacitus
690 325 868 366 virorum
909 329 1168 378 quorundam
1199 329 1433 380 insignium,
1474 338 1649 379 quorum

206 392 382 432 mortem
424 390 585 437 rettulit,
624 390 748 429 vitam
786 392 933 441 paucis
963 394 1232 443 persequitur.
1289 392 1414 446 Digni
1444 394 1651 433 ducuntur

202 454 416 497 eiusmodi
453 454 604 507 elogiis
632 454 751 495 Titus
780 455 926 496 Vinius
955 459 996 496 et
1025 456 1124 497 Piso
1154 457 1188 509 (1
1215 458 1299 509 48),
1335 457 1472 499 Galba
1504 459 1535 509 (l
1565 459 1648 506 49),

202 520 322 562 Otho
352 519 402 571 (ΙΙ
422 519 503 569 50),
534 519 686 559 Fabius
706 519 861 559 Valens
890 519 957 571 (ill
977 520 1060 572 62),
1090 520 1273 562 Sabinus
1296 522 1459 563 Flavius
1481 523 1540 571 (ill
1563 523 1648 575 75),

206 585 398 632 Vitellius
439 584 503 636 (lii
532 583 614 635 86).
683 583 802 632 Quae
843 585 982 637 elogia
1021 586 1075 625 ita
1114 586 1198 626 fere
1239 589 1336 626 sunt
1373 588 1563 636 instituta,
1604 590 1646 628 ut

204 651 368 702 origine
391 651 724 697 commemorata,
745 651 788 689 ut
808 650 987 700 quisque
1007 650 1226 700 plurimum
1249 650 1376 690 valuit
1395 653 1463 690 aut
1483 652 1646 692 minime

203 716 247 755 in
290 714 523 755 narratione
562 715 752 755 versatus
793 715 867 762 est,
908 714 963 754 ita
992 714 1073 754 vita
1114 714 1205 755 eius
1248 716 1288 755 et
1328 725 1394 755 res
1435 715 1475 755 in
1504 717 1646 766 primis

203 782 348 820 notatu
384 780 535 831 dignae
571 780 888 832 diligentissime
926 780 1223 820 describantur.
1281 779 1438 820 Dixerit
1466 780 1643 821 fortasse

201 845 359 897 aliquis
394 844 607 896 profectos
639 855 736 886 esse
766 845 845 886 hos
876 855 1078 886 excursus
1107 846 1160 885 ab
1190 846 1338 885 eadem
1369 845 1438 885 illa
1467 857 1647 886 consue-

207 911 364 958 tudine,
393 920 517 961 quam
547 910 601 950 ab
632 910 840 950 annalium
870 911 1118 962 scriptorum
1142 911 1331 950 traditam
1354 910 1491 951 Livius
1512 912 1649 951 tenuit.

204 975 343 1015 Prima
372 975 540 1026 quidem
571 976 715 1026 specie
745 977 848 1016 haec
879 977 1056 1016 maxime
1086 976 1262 1027 placent,
1292 977 1533 1026 praesertim
1555 987 1647 1016 cum

199 1040 385 1088 Tacitus,
416 1040 457 1080 id
488 1041 603 1091 quod
625 1040 763 1081 Livius
794 1041 943 1081 solitus
973 1042 1047 1088 est,
1078 1052 1162 1080 non
1192 1041 1321 1081 modo
1345 1042 1449 1092 quot
1469 1041 1648 1092 quisque

200 1116 341 1146 annos
371 1106 461 1146 sive
491 1106 597 1146 vitae
623 1105 849 1157 expleverit
878 1105 1009 1158 (Piso,
1038 1106 1157 1147 Titus
1178 1105 1334 1154 Vinius,
1356 1104 1503 1154 Galba,
1525 1104 1648 1154 Otho,

204 1170 415 1220 Vitellius),
451 1172 540 1211 sive
577 1172 617 1211 in
653 1183 695 1211 re
731 1172 900 1223 publica
937 1174 1126 1212 versatus
1157 1172 1210 1212 sit
1239 1170 1437 1220 (Sabinus
1468 1171 1646 1220 Flavius)

199 1236 375 1276 adnotet
403 1237 480 1277 sed
502 1238 669 1277 diversa
692 1248 861 1288 quoque
881 1238 989 1277 vitae
1009 1239 1197 1288 tempora
1218 1237 1453 1288 distinguat.
1488 1236 1645 1277 Tamen

200 1301 245 1340 id
280 1302 457 1341 maxime
493 1302 597 1341 inter
626 1302 763 1353 elogia
793 1301 960 1341 Liviana
989 1302 1043 1341 ad
1072 1301 1204 1341 Taciti
1235 1312 1437 1341 excursus
1466 1302 1645 1349 interest,

199 1366 321 1417 quod
353 1366 419 1406 ille
451 1367 591 1418 quanti
622 1367 704 1407 vita
732 1367 805 1406 viri
831 1368 998 1418 peracta
1018 1367 1275 1407 aestimanda
1295 1367 1348 1407 sit
1368 1367 1520 1406 docere
1542 1368 1643 1408 satis

200 1432 338 1481 habet,
368 1432 434 1472 hic
466 1432 518 1472 de
549 1434 691 1472 natura
711 1433 879 1484 ingenio
900 1424 1179 1472 moribus'viri
1203 1432 1302 1483 quid
1323 1432 1641 1472 existimandum

198 1497 255 1537 sit
286 1497 413 1537 modo
444 1497 620 1537 breviter
649 1497 777 1537 modo
808 1498 984 1549 copiose
1006 1498 1199 1538 ostendit.
1247 1497 1499 1549 Argumento
1522 1498 1642 1549 igitur

199 1563 339 1603 minus
370 1573 492 1614 quam
524 1563 620 1602 ioco
651 1573 735 1613 quo
766 1563 818 1602 de
848 1563 946 1602 viris
977 1563 1043 1602 his
1073 1562 1245 1602 docetur
1273 1562 1412 1614 elogia
1435 1573 1459 1601 a
1480 1573 1640 1602 morum

196 1627 555 1679 descriptionibus
583 1627 716 1668 Taciti
746 1626 951 1668 differunt.
990 1626 1102 1675 Quid
1123 1626 1274 1680 igitur?
1312 1627 1474 1679 Nempe
1494 1628 1641 1668 verisi-

197 1692 412 1733 millimum
473 1695 537 1733 est
582 1693 619 1733 T
620 1693 770 1734 acitum
829 1694 1056 1733 inseruisse
1114 1703 1164 1733 ea
1211 1704 1325 1733 more
1374 1694 1642 1744 institutoque

196 1756 395 1807 Saliustii,
436 1758 595 1809 quippe
637 1768 760 1809 quem
802 1758 843 1798 in
885 1758 1068 1799 historiis
1110 1758 1162 1798 de
1204 1759 1382 1798 virorum
1417 1758 1640 1810 insignium

196 1825 453 1864 mortuorum
474 1824 556 1863 vita
576 1824 685 1864 vitiis
706 1824 924 1864 virtutibus
941 1824 1132 1875 quamvis
1149 1824 1289 1871 rarius,
1310 1825 1446 1863 tamen
1462 1824 1639 1863 similem

195 1887 239 1927 in
286 1888 454 1929 modum
496 1888 748 1930 disseruisse
793 1899 845 1929 ex
886 1886 1073 1930 Senecae
1115 1888 1255 1929 verbis
1298 1891 1338 1929 et
1378 1889 1639 1929 historiarum

196 1954 384 2004 reliquiis
414 1954 676 1995 effecerimus
706 1957 847 2005 (supra
875 1964 969 2006 pag.
1005 1954 1080 2003 16).

311 2018 392 2059 lam
413 2021 636 2071 postquam
658 2019 699 2059 in
720 2019 1014 2060 describendis
1029 2020 1241 2060 hominum
1256 2019 1441 2059 moribus
1454 2016 1636 2059 Sallustii

197 2084 395 2125 historias
414 2078 603 2125 Tacitum
625 2086 864 2137 respexisse
884 2085 1075 2135 vidimus,
1096 2085 1148 2125 ad
1170 2085 1339 2125 easdem
1361 2084 1402 2124 in
1423 2085 1638 2124 narrandis

194 2160 368 2201 quoque
398 2151 524 2191 rebus
553 2161 647 2190 eum
678 2160 775 2191 sese
806 2150 1062 2202 applicuisse
1094 2150 1189 2190 licet
1208 2151 1462 2201 exspectare.
1502 2148 1635 2201 Atque

195 2216 372 2266 primum
422 2217 590 2269 quidem
639 2214 871 2264 Sallustius,
920 2216 1035 2267 quod
1084 2216 1252 2266 quidem
1297 2226 1348 2255 ex
1394 2215 1636 2266 fragmentis

193 2282 334 2330 possit
374 2282 526 2334 colligi,
568 2292 675 2333 quae
716 2292 884 2332 quoque
921 2291 1031 2320 anno
1061 2282 1179 2332 gesta
1209 2281 1314 2328 sunt,
1356 2289 1405 2320 ea
1435 2280 1635 2320 exordine

197 2347 372 2387 narravit
416 2358 551 2397 neque
595 2347 865 2398 quaestiones
906 2356 1073 2385 movere
1117 2347 1185 2385 aut
1226 2346 1470 2385 sententiam
1515 2355 1634 2386 suam

193 2411 379 2460 proferre
428 2412 576 2453 solitus
621 2413 694 2452 est.
763 2411 919 2451 Eadem
963 2411 1119 2450 ratione
1162 2410 1331 2450 Tacitus
1375 2410 1507 2458 utitur,
1555 2412 1635 2451 nisi

193 2477 312 2525 quod
342 2477 510 2518 duobus
540 2477 646 2518 locis
676 2487 743 2518 res
772 2477 876 2517 inter
905 2485 951 2517 se
973 2476 1245 2517 cohaerentes
1275 2486 1359 2516 non
1381 2475 1421 2516 in
1442 2476 1635 2529 singulos

195 2539 325 2583 libros
356 2543 573 2592 distribuit,
603 2543 679 2584 sed
709 2543 789 2584 sub
821 2553 904 2583 uno
925 2544 1157 2594 conspectu
1173 2542 1310 2593 ponit:
1341 2552 1478 2593 neque
1498 2544 1635 2583 tamen

192 2605 285 2647 sine
327 2609 440 2660 gravi
482 2619 609 2650 causa
652 2608 798 2649 solitas
839 2608 955 2661 leges
986 2607 1184 2660 neglexit;
1225 2617 1318 2647 nam
1350 2608 1389 2647 et
1419 2606 1432 2647 1
1462 2608 1527 2656 51,
1564 2608 1634 2648 ubi

192 2680 346 2713 causas
388 2674 585 2725 initiaque
627 2675 763 2715 motus
793 2673 1008 2722 Vitelliani,
1049 2674 1089 2713 et
1123 2672 1173 2712 IV
1207 2673 1265 2720 12,
1301 2672 1372 2712 ubi
1409 2674 1635 2723 primordia
