1868 3093
213 282 378 330 Seiano,
400 281 453 321 ab
475 281 545 320 illo
569 281 620 320 de
639 279 814 321 Catilina
834 283 1077 324 exhibentur
1098 296 1350 336 componere
1372 297 1455 325 non
1477 286 1655 325 alienum

213 348 383 388 videtur.
433 344 636 386 Conferas
665 346 787 386 veiim
818 348 937 387 haec:

378 421 475 461 Tac.
506 432 597 461 ann.
629 420 679 461 lV
713 423 743 461 1.

268 508 418 549 corpus
461 497 521 537 illi
565 496 753 537 laborum
800 498 901 538 tole-

1179 424 1274 466 Sall.
1305 424 1391 467 Cat.
1421 427 1457 466 5.

1025 510 1174 550 corpus
1197 502 1362 551 patiens
1401 503 1562 542 inediae
1591 503 1655 542 al-

212 574 323 610 rans,
354 563 515 603 animus
544 562 688 602 audax
717 560 800 614 (I),·
837 564 906 603 sui
965 565 1083 614 goris
1134 566 1295 615 vigiliae
1350 577 1478 617 supra
1531 578 1653 617 quam

210 629 417 680 obtegens,
448 629 488 668 in
519 627 626 667 alios
664 629 905 668 criminator
971 630 1159 679 cuiquam
1181 630 1372 670 credibile
1395 635 1465 671 est.
1496 633 1656 672 animus

214 694 299 746 (2),·
328 695 442 733 iuxta
472 693 659 733 adulatio
690 696 731 733 et
755 704 900 744 super-

971 694 1113 734 audax
1156 694 1217 746 (1)
1261 695 1459 736 subdolus
1507 698 1654 743 varius,

210 759 305 805 bia:
317 758 463 809 palam
485 760 736 809 compositus
750 759 900 809 pudor,
970 760 1085 798 cuius
1126 760 1186 799 rei
1223 759 1334 799 lubet
1363 760 1578 800 simulator
1607 772 1656 800 ac

210 826 320 864 Intus
348 834 510 862 summa
531 824 745 874 apiscendi
773 823 899 864 libido

211 888 286 942 (3),
317 889 484 939 eiusque
509 900 639 929 causa
659 890 782 930 modo
812 891 900 931 lar-

203 954 309 1005 gitio
340 956 381 993 et
406 953 536 1000 luxus,
581 955 749 1005 saepius
777 955 900 995 indu—

208 1020 314 1060 stria
331 1030 381 1059 ac
397 1019 618 1071 vigilantia,
634 1020 751 1061 haud
767 1021 900 1061 minus

208 1085 369 1130 noxiae,
446 1085 633 1134 quotiens
700 1086 898 1134 parando

209 1159 337 1199 regno
359 1148 577 1200 finguntur
606 1149 680 1202 (4).

970 824 1262 870 dissimulator,
1308 825 1434 864 alieni
1460 825 1656 875 adpetens

967 890 1035 930 sui
1070 888 1270 941 profusus
1313 889 1385 941 (2),
1427 890 1578 930 ardens
1616 893 1656 930 in

969 955 1264 1005 cupiditatibus
1275 967 1290 1001 ;
1329 956 1435 995 satis
1465 955 1657 1005 eloquen-

969 1021 1060 1066 tiae,
1080 1021 1310 1071 sapientiae
1326 1031 1486 1070 parum.
1517 1024 1658 1061 vastus

969 1086 1130 1124 animus
1173 1085 1432 1123 inmoderata
1481 1085 1656 1124 incredi-

968 1150 1067 1189 bilia
1087 1150 1207 1189 nimis
1228 1149 1314 1188 alta
1337 1160 1499 1199 semper
1517 1150 1656 1200 cupie-

968 1216 1107 1255 bat...
1123 1226 1252 1265 neque
1272 1215 1318 1254 id
1344 1214 1492 1265 quibus
1520 1216 1655 1255 modis

967 1282 1269 1332 adsequeretur,
1319 1281 1414 1320 dum
1461 1281 1545 1320 sibi
1588 1292 1652 1321 re-

959 1357 1086 1397 gnum
1111 1349 1288 1397 pararet
1320 1345 1392 1397 (4),
1434 1347 1652 1397 quicquam

958 1413 1082 1462 pensi
1107 1411 1297 1451 habebat.

320 1499 406 1538 Nec
437 1499 571 1538 minus
602 1487 782 1549 ap'ertam
805 1500 1042 1538 imitationis
1068 1501 1205 1537 notam
1228 1508 1325 1548 prae
1356 1508 1403 1537 se
1427 1498 1561 1537 ferunt
1591 1509 1650 1545 ea,

206 1573 316 1613 quae
346 1564 456 1613 apud
487 1564 673 1603 Tacitum
705 1565 757 1603 de
789 1563 987 1614 Poppaea
1019 1561 1173 1603 Sabina
1204 1563 1413 1614 leguntur:

338 1649 435 1689 Tac.
466 1661 556 1689 ann.
587 1650 671 1690 Xlli
700 1650 764 1690 45.

260 1725 367 1764 Huic
414 1726 574 1764 mulieri
619 1728 765 1765 cuncta
809 1726 894 1765 alia

196 1789 320 1841 fuere
341 1793 511 1841 praeter
551 1790 762 1831 honestum
802 1792 893 1831 ani-

204 1867 314 1895 mum
336 1855 409 1907 (I).
464 1855 627 1907 Quippe
645 1860 777 1896 mater
796 1858 892 1903 eius,

208 1920 358 1961 aetatis
380 1931 483 1961 suae
503 1920 686 1973 feminas
709 1922 892 1973 pulchri-

203 1986 345 2026 tudine
391 1998 672 2038 supergressa,
713 1988 892 2038 gloriam

199 2052 362 2101 pariter
377 2055 417 2092 et
421 2051 604 2103 formam
622 2051 683 2105 (2)
701 2053 893 2101 dederat,-

205 2127 306 2166 opes
330 2117 567 2157 claritudini
578 2119 742 2168 generis
770 2117 891 2169 suffi-

202 2181 376 2222 ciebant.
405 2193 540 2222 sermo
562 2184 689 2223 comis
712 2194 785 2223 nec
814 2183 890 2223 ab-

201 2247 374 2287 surdum
423 2248 625 2299 ingenium
673 2247 756 2301 (3).·
801 2260 890 2289 mo-

205 2311 380 2353 destiam
405 2312 620 2364 praeferre
654 2317 695 2354 et
720 2315 891 2355 lascivia

202 2378 287 2417 uti:
315 2390 437 2420 rarus
458 2381 497 2420 in
522 2380 731 2431 publicum
752 2391 890 2432 egres-

1150 1647 1245 1690 San.
1277 1646 1363 1689 Cat.
1393 1650 1457 1689 25.

1016 1726 1132 1765 Haec
1161 1725 1305 1764 mulier
1338 1735 1489 1774 genere
1529 1728 1652 1775 atque

954 1789 1098 1841 forma
1119 1789 1192 1842 (2),
1217 1793 1437 1840 praeterea
1468 1791 1553 1830 viro
1584 1793 1650 1830 at-

962 1867 1041 1907 que
1087 1857 1226 1895 liberis
1281 1856 1386 1895 satis
1429 1854 1650 1906 fortunata

953 1921 1063 1974 fuit,·
1103 1921 1246 1962 litteris
1288 1919 1460 1961 Graecis
1501 1923 1541 1960 et
1566 1920 1648 1960 La-

962 1989 1056 2028 tinis
1099 1988 1233 2033 docta,
1271 1987 1453 2037 psallere
1491 1987 1648 2026 saltare

961 2054 1187 2105 elegantius
1227 2063 1348 2103 quam
1389 2062 1553 2091 necesse
1588 2055 1651 2091 est

957 2119 1127 2169 probae,
1168 2119 1295 2158 multa
1325 2117 1418 2163 alia,
1449 2127 1555 2167 quae
1584 2118 1646 2156 in-

958 2187 1183 2225 strumenta
1213 2184 1397 2223 luxuriae
1429 2185 1533 2221 sunt.
1572 2182 1650 2221 sed

960 2251 999 2291 ei
1012 2251 1177 2290 cariora
1192 2259 1352 2299 semper
1367 2248 1503 2288 omnia
1519 2258 1642 2298 quam

960 2316 1085 2356 decus
1106 2318 1228 2366 atque
1243 2313 1442 2365 pudicitia
1455 2311 1540 2363 fuit
1561 2311 1645 2364 (1),-

954 2382 1156 2433 pecuniae
1169 2392 1222 2421 an
1235 2379 1381 2432 famae
1395 2379 1528 2419 minus
1537 2389 1644 2429 par-

199 2453 286 2490 sus,
316 2444 439 2496 idque
472 2446 608 2486 velata
641 2449 767 2497 parte
795 2449 890 2494 oris,
959 2450 1068 2487 ceret
1094 2446 1168 2499 (4),
1198 2446 1313 2485 haud
1331 2444 1460 2495 facile
1489 2443 1643 2484 discer-

201 2518 255 2547 ne
272 2510 448 2551 satiaret
466 2514 684 2562 aspectum,
709 2512 773 2553 vel
793 2513 891 2564 quia
958 2523 1077 2553 neres
1087 2525 1102 2560 ,·
1131 2511 1270 2551 lubido
1300 2511 1360 2549 sic
1389 2519 1575 2555 accensa,
1602 2512 1649 2549 ut

199 2573 262 2612 sic
292 2575 472 2616 decebat.
494 2576 640 2628 famae
668 2589 889 2628 numquam
957 2578 1125 2628 saepius
1158 2578 1318 2626 peteret
1363 2575 1471 2613 viros
1519 2585 1643 2624 quam

197 2641 388 2688 pepercit
408 2640 470 2693 (4)
500 2641 673 2682 maritos
702 2644 743 2682 et
768 2642 888 2683 adul·
950 2644 1167 2693 peteretur.
1200 2640 1277 2679 sed
1304 2649 1353 2678 ea
1381 2648 1508 2689 saepe
1528 2641 1645 2679 ante-

268 2713 444 2742 Theissen.
1425 2715 1447 2748 6
