1868 3093
742 202 1007 242 ..91-

153 308 418 361 digressione
435 311 697 361 persecutum
714 321 810 352 esse
827 311 1214 363 Maurenbrecher1)
1236 311 1413 364 collegit.
1443 311 1592 352 Verum

154 375 197 413 ut
231 374 312 413 hoc
344 374 481 425 ipsum
512 377 775 426 concedatur,
816 378 945 418 semel
974 378 1039 418 vel
1071 378 1137 418 bis
1168 378 1273 430 legis
1303 378 1478 418 alicuius
1509 377 1593 416 ori-

153 439 291 491 ginem
333 451 425 481 eum
467 442 717 491 ostendisse,
765 443 878 483 nullo
920 445 1056 485 tamen
1097 444 1225 484 modo
1268 443 1486 494 probabile
1529 444 1593 483 est

155 503 351 544 Sallustio
382 506 489 545 adeo
520 518 586 546 res
616 508 669 546 ad
700 509 764 547 ius
794 509 1006 559 publicum
1031 510 1283 559 pertinentes
1304 509 1435 548 fuisse
1458 518 1591 555 curae,

154 570 196 608 ut
231 570 414 609 imitandi
448 570 682 611 facultatem
719 572 918 623 praebere
954 575 1111 624 posset,
1155 575 1439 624 praeterquam
1476 573 1590 624 quod

154 645 238 673 non
268 635 349 674 tam
381 635 422 674 in
452 636 672 676 annalibus
702 647 826 688 quam
851 638 891 676 in
916 638 1098 679 historiis
1119 639 1172 677 ad
1195 636 1375 678 Sallustii
1397 639 1591 678 historias

153 700 339 740 Tacitum
370 711 418 741 se
448 701 705 752 applicuisse
736 703 859 743 ceteri
890 713 1090 743 excursus
1118 703 1279 743 docent.
1337 704 1463 743 Immo
1491 715 1590 744 vero

153 768 197 805 ut
231 766 284 805 ad
321 767 558 817 complures
594 767 700 808 alios
735 768 942 807 annalium
979 768 1098 808 locos
1135 769 1188 808 ita
1224 769 1276 808 ad
1312 770 1387 809 has
1423 780 1591 819 quoque

153 831 441 882 digressiones
472 833 747 872 instituendas
778 843 862 872 non
886 832 994 872 falso
1020 833 1283 883 opinabimur
1304 834 1440 884 magni
1461 834 1590 873 fuisse

153 896 349 935 momenti
381 908 535 937 morem
568 898 607 937 et
627 897 973 937 consuetudinem
994 907 1137 936 eorum
1159 897 1199 935 in
1221 898 1363 947 primis
1385 898 1591 937 annalium

152 962 412 1011 scriptorum,
470 964 539 1013 qui
588 962 719 1002 Taciti
777 964 965 1013 tempora
1012 962 1330 1012 praecedebant.
1407 961 1593 1009 Quorum

152 1026 399 1076 scriptorum
441 1028 509 1066 vix
550 1039 673 1068 unum
716 1028 946 1068 eruditione
985 1027 1163 1078 quadam
1201 1027 1454 1067 abstinuisse
1492 1027 1595 1066 inter

153 1091 265 1130 viros
297 1092 447 1132 doctos
479 1094 651 1132 constat.
694 1093 844 1132 Verum
866 1094 996 1131 utrum
1018 1093 1208 1131 usitatam
1230 1092 1437 1131 annalium
1459 1092 1594 1142 scrip-

153 1158 286 1196 torum
318 1159 662 1198 consuetudinem
693 1159 772 1198 sibi
804 1159 1004 1205 asciverit,
1035 1169 1098 1206 an,
1130 1158 1171 1197 id
1203 1158 1315 1208 quod
1341 1158 1481 1208 potius
1503 1168 1591 1197 cre-

154 1221 340 1270 diderim,
398 1224 551 1262 certum
606 1223 786 1273 aliquem
835 1224 1090 1273 scriptorem,
1149 1223 1271 1262 veluti
1321 1222 1591 1262 Fenestellam

153 1288 390 1337 respexerit,
433 1288 503 1339 qui
533 1287 707 1340 Augusti
743 1289 874 1328 aetate
907 1286 1043 1329 Cassii
1076 1287 1274 1328 Heminae
1309 1288 1498 1339 vestigiis
1528 1288 1591 1327 in-

154 1352 309 1392 sistens
340 1363 517 1393 excursu
547 1354 600 1392 ab
631 1355 872 1405 argumento
901 1354 1011 1393 tacto
1034 1354 1085 1392 de
1107 1353 1216 1392 ludis
1238 1353 1507 1400 circensibus,
1538 1353 1590 1391 de

153 1418 464 1467 provocatione,
495 1419 547 1458 de
579 1421 809 1470 quaestura,
841 1419 893 1458 de
923 1419 1015 1458 aliis
1044 1418 1168 1458 rebus
1200 1418 1251 1457 ad
1283 1418 1348 1457 ius
1377 1417 1590 1468 publicum

152 1484 439 1533 spectantibus
477 1483 722 1532 disseruit'2‘,
763 1485 815 1523 ab
852 1495 987 1534 eoque
1023 1494 1103 1522 una
1140 1494 1231 1522 cum
1262 1483 1388 1522 rebus
1419 1483 1590 1522 narratis

152 1548 346 1600 singulos
376 1559 577 1588 excursus
606 1548 863 1596 transtulerit,
894 1549 936 1588 id
967 1550 1079 1588 certo
1112 1548 1326 1587 diiudicari
1358 1548 1509 1597 nequit.

671 1680 707 1719 5.
744 1677 1070 1719 Conclusio.

264 1766 507 1818 Priusquam
537 1768 673 1806 autem
703 1767 809 1806 hanc
841 1767 1174 1806 dissertationem
1200 1766 1429 1815 absolvam,
1459 1776 1594 1816 pauca

154 1832 288 1871 dicam
320 1832 371 1872 de
403 1831 588 1872 formulis
618 1831 709 1880 illis,
740 1842 765 1871 a
794 1832 946 1882 quibus
966 1830 1137 1872 Tacitus
1169 1831 1420 1882 aliquotiens
1452 1831 1590 1883 digre-

155 1897 294 1937 diendi
331 1898 455 1937 sumit
489 1898 657 1937 initium.
716 1896 835 1945 Quae
870 1897 1070 1936 formulae
1102 1897 1317 1948 quomodo
1348 1897 1431 1936 sint
1460 1897 1593 1947 expli-

155 1963 313 2002 candae
350 1973 599 2015 cognosces,
637 1964 673 2003 si
709 1974 816 2015 quae
848 1961 1069 2003 Sallustius
1101 1963 1306 2002 similibus
1338 1963 1443 2002 locis
1473 1972 1593 2013 prae-

154 2029 264 2068 misit
292 2029 419 2068 verba
450 2030 755 2080 comparaveris
786 2030 906 2068 haec:
936 2028 1032 2068 Tac.
1063 2029 1154 2068 hist.
1177 2028 1226 2067 IV
1246 2028 1287 2067 5:
1316 2027 1398 2070 Res
1420 2038 1594 2077 poscere

154 2094 321 2141 videtur,
352 2095 545 2145 quoniam
576 2096 719 2135 ilerum
750 2095 789 2134 in
820 2096 1061 2134 mentionem
1091 2094 1306 2133 incidimus
1335 2094 1412 2132 viri
1427 2093 1595 2143 saepius

153 2160 419 2206 memorandi,
460 2164 506 2200 ut
543 2158 556 2200 .”
582 2192 590 2200 .
620 2192 628 2200 .
661 2161 813 2210 paucis
854 2162 1056 2210 repetem,-
1097 2157 1191 2199 Sall.
1223 2158 1304 2210 lug.
1334 2158 1398 2206 95,
1427 2158 1469 2197 2:
1509 2156 1596 2198 Sed

153 2226 347 2276 quoniam
381 2236 458 2265 nos
488 2226 592 2265 tanti
619 2226 696 2265 viri
722 2236 788 2266 res
818 2225 1040 2271 admonuit,
1076 2224 1265 2264 idoneum
1295 2224 1422 2263 visum
1453 2225 1516 2262 est
1543 2223 1593 2263 de

152 2293 305 2330 natura
334 2291 523 2341 cultuque
551 2293 639 2330 eius
660 2292 812 2340 paucis
844 2291 987 2330 dicere.
1029 2313 1079 2317 —
1115 2289 1212 2328 Tac.
1243 2289 1333 2327 hist.
1363 2288 1397 2327 V
1426 2289 1468 2326 2:
1508 2286 1595 2327 Sed

153 2355 347 2406 quoniam
387 2354 585 2406 famosae
631 2355 746 2396 urbis
791 2365 1022 2406 supremum
1064 2354 1169 2394 diem
1211 2353 1404 2393 tradituri
1439 2363 1591 2399 sumus,

150 2432 382 2471 congruens
410 2422 568 2460 videtur
589 2422 823 2470 primordia
852 2422 939 2459 eius
968 2422 1149 2469 aperire;
1179 2417 1274 2458 Sall.
1302 2418 1382 2469 lug.
1410 2419 1478 2457 79:
1508 2417 1595 2458 Sed

151 2487 347 2537 quoniam
379 2486 418 2526 In
447 2485 526 2526 has
556 2486 742 2537 regiones
764 2496 845 2536 per
871 2485 1176 2536 Leptitanorum
1205 2484 1371 2535 negotia
1401 2485 1591 2530 venimus,

264 2618 276 2636 1

264 2617 289 2711 ἐ
307 2616 334 2714 ἰ.
357 2615 483 2712 Ιῐὲοιεξῖιζ
497 2615 554 2704 C{12e
579 2669 784 2711 Fenestella,
809 2669 895 2703 diss.
919 2668 1032 2703 Bonn.
1057 2677 1087 2701 a.
1115 2668 1207 2702 1849.
