1868 3093
831 201 1102 241 ,68-

1002 307 1211 360 ὄέὐγενεῖς
1225 310 1298 355 τὰς
1312 309 1384 358 μὲν
1401 310 1575 361 παρειὰς
1590 308 1692 346 ἀπο-

1001 374 1214 424 λεαίνουσι,
1250 374 1323 420 τὰς
1358 370 1553 427 δ’ὑπήνας
1590 373 1692 412 ἄνει·

241 314 433 365 capillum
464 315 701 363 retorquent
729 323 779 352 ac
807 322 935 361 saepe

242 380 280 419 in
312 380 403 429 ipso
430 378 577 418 vertice
596 377 791 429 religant&
814 376 934 427 pria-

242 445 352 495 cipes
399 447 439 484 et
480 444 729 484 ornatiorem
772 441 934 482 habent.

1001 443 1124 490 μένας
1153 439 1281 489 ἐῶσιν,
1314 440 1415 478 ὥστε
1444 440 1494 477 τὰ
1514 441 1692 489 στόματα

1003 505 1135 544 αὐτῶν
1165 505 1529 544 ἐπικαλύπτεσθαι.

295 575 361 623 43,
381 574 423 614 3;
455 576 631 614 celerum
660 573 785 613 Harii
811 583 938 623 super
1058 572 1122 621 28,
1159 573 1195 612 l:
1243 577 1332 616 ταῖς
1375 569 1418 609 δὲ
1461 571 1604 617 κόμαις
1648 570 1693 608 013·

243 639 522 690 vires‚q11ibus
535 638 934 688 enumeratospaulo
1003 638 1126 687 μόνον
1156 636 1198 676 ἐκ
1223 638 1381 688 φύσεως
1402 636 1561 685 ξανθοί,
1592 635 1693 673 ἀλλὰ

243 705 787 756 antepopulosantecedunt,
802 706 936 744 truces
969 706 970 763 l
1004 702 1071 740 καὶ
1112 701 1180 741 διὰ
1219 708 1289 754 τῆς
1327 707 1570 753 κατασκευῆς
1606 699 1694 739 ἑπι-

243 772 392 811 insitae
403 769 568 821 feritati
584 772 673 809 arte
689 780 739 809 ac
755 772 937 819 tempore
969 777 971 798 l
1004 767 1234 820 τηόεύοωιν
1264 767 1397 815 αὔξειν
1427 766 1497 818 τὴν
1524 766 1693 817 φυσικῂν

243 837 537 877 lenocinantur.
969 805 972 881 i
1005 840 1075 886 τῆς
1105 834 1228 886 χρόας
1257 832 1448 885 ἰδιότητα.

354 912 477 952 Plura
491 912 586 951 licet
600 912 808 959 exhibere,
823 911 900 951 sed
915 911 1127 951 sufficiunt
1141 912 1244 950 haec
1258 911 1310 949 ad
1326 909 1693 949 demonstrandum

244 989 327 1018 non
358 978 559 1017 rationem
591 977 720 1016 modo
752 976 1017 1016 describendi
1058 976 1234 1015 similem
1276 976 1388 1026 apud
1420 974 1693 1014 Posidonium

245 1045 284 1083 et
313 1042 427 1093 apud
448 1041 638 1082 Tacitum
667 1041 936 1092 deprehendi,
967 1041 1043 1080 sed
1068 1040 1231 1091 singula
1253 1050 1422 1090 quoque
1444 1040 1497 1079 ab
1520 1042 1693 1090 utroque

246 1108 437 1159 exposita
458 1107 646 1146 eiusdem
669 1106 765 1145 artis
788 1108 828 1145 et
852 1105 1169 1145 consuetudinis
1202 1115 1301 1155 prae
1336 1115 1382 1145 se
1407 1104 1512 1144 ferre
1544 1107 1693 1152 notam,

245 1175 299 1213 ita
330 1175 372 1213 ut
402 1171 602 1212 nonnulla
632 1172 685 1211 ab
717 1182 800 1211 uno
832 1171 1068 1221 eodemque
1090 1172 1177 1210 viro
1210 1171 1320 1210 dicta
1341 1181 1437 1211 esse
1467 1172 1601 1221 putes.
1650 1170 1693 1209 Id

247 1250 372 1278 unum
405 1238 526 1277 etiam
559 1236 911 1284 commemorabo,
948 1235 1167 1276 Posidonii
1199 1236 1251 1275 de
1282 1238 1453 1288 argento
1485 1236 1599 1287 quod
1631 1236 1693 1274 in-

245 1304 397 1343 cendio
429 1303 624 1343 silvarum
656 1303 863 1342 detectum
894 1302 946 1341 ab
979 1302 1107 1342 Iberis
1150 1303 1190 1340 in
1221 1302 1354 1352 pretio
1398 1312 1482 1340 non
1521 1302 1696 1340 habetur

246 1367 299 1419 (V
329 1368 393 1414 35,
423 1367 467 1418 3)
498 1367 721 1406 scribentis
753 1367 992 1406 memoriam
1036 1365 1161 1405 nobis
1203 1365 1348 1405 afferre
1391 1376 1451 1413 ea,
1493 1376 1599 1416 quae
1642 1366 1694 1405 de

246 1433 379 1473 sucini
411 1432 570 1484 origine
601 1431 714 1482 apud
744 1431 933 1471 Tacitum
965 1431 1214 1482 praebentur
1242 1431 1307 1478 45,
1342 1431 1400 1470 12.

356 1496 522 1544 Quibus
552 1497 775 1546 perpensis
818 1498 857 1535 et
895 1497 1145 1546 comparatis
1177 1496 1273 1534 mihi
1306 1497 1518 1536 concedes
1549 1496 1694 1535 simili-

247 1562 431 1603 tudinem
464 1561 651 1602 locorum
681 1562 834 1601 tantam
866 1571 973 1609 esse,
1005 1563 1047 1601 ut
1077 1571 1178 1602 casu
1207 1560 1296 1602 fieri
1328 1563 1517 1613 nequeat.
1575 1560 1694 1610 Quo-

246 1629 374 1667 modo
406 1628 527 1679 igitur
557 1630 683 1666 artam
715 1629 822 1666 hanc
847 1628 1197 1677 propinquitatem
1229 1627 1419 1666 effectam
1451 1638 1547 1667 esse
1579 1627 1694 1667 dice-

245 1693 373 1733 mus'?
431 1692 565 1743 Atque
596 1692 826 1743 suspiceris
867 1692 1045 1732 fortasse
1082 1691 1356 1732 Posidonium
1389 1693 1441 1733 de
1472 1690 1696 1733 Germania

246 1769 424 1799 excursu
456 1758 509 1797 ab
540 1758 724 1797 historiis
753 1758 864 1797 facto
895 1758 1119 1808 scripsisse
1156 1758 1377 1809 ipsumque
1408 1759 1517 1797 hunc
1548 1769 1695 1798 excur-

245 1835 337 1864 sum
369 1822 558 1863 Tacitum
590 1822 848 1862 adhibuisse.
907 1821 1041 1861 Prima
1082 1822 1250 1873 quidem
1283 1824 1427 1874 specie
1458 1823 1561 1863 haec
1592 1834 1695 1863 con-

245 1890 400 1929 iectura
441 1888 618 1927 maxime
662 1888 810 1938 placet,
852 1889 1093 1938 praesertim
1137 1899 1229 1927 cum
1273 1889 1384 1928 illum
1416 1889 1455 1928 in
1486 1889 1695 1929 tricesimo

246 1955 351 1993 libro
383 1953 436 1993 de
468 1951 769 1993 Germanorum
812 1953 922 1993 victu
964 1953 1180 1993 monuisse
1222 1953 1341 1994 testis
1376 1954 1429 1994 sit
1457 1952 1695 1995 Athenaeus

246 2019 326 2071 (lv,
358 2030 390 2059 c.
420 2018 492 2070 39)
523 2021 563 2059 et
593 2017 743 2059 Strabo
769 2017 833 2069 (C.
860 2019 952 2068 290,
978 2030 1010 2059 c.
1038 2021 1050 2059 l
1078 2018 1106 2071 ξ
1127 2020 1154 2060 2
1173 2018 1255 2072 sq.)
1287 2020 1338 2059 de
1371 2017 1551 2060 Cimbris
1581 2020 1696 2060 aliis-

246 2095 327 2136 que
370 2082 619 2125 Germaniae
665 2085 860 2136 gentibus
904 2087 1073 2125 auctore
1118 2084 1351 2126 Posidonio
1397 2086 1551 2126 referat.
1611 2084 1695 2127 Sed

245 2153 532 2201 praeterquam
577 2151 692 2201 quod
736 2151 976 2201 discrepant
1017 2151 1217 2190 nonnulla
1247 2152 1350 2191 inter
1380 2149 1626 2192 Strabonem
1657 2154 1696 2192 et

245 2215 447 2264 Tacitum,
477 2216 514 2256 si
544 2216 779 2256 accuratius
821 2227 928 2266 quae
970 2227 994 2255 a
1035 2215 1268 2256 Posidonio
1310 2219 1473 2257 servata
1507 2220 1603 2258 sunt
1632 2218 1694 2258 in-

246 2282 448 2332 spexeris,
491 2281 737 2321 brevissime
780 2282 890 2321 hunc
932 2282 984 2321 de
1027 2279 1251 2322 Germania
1291 2284 1543 2334 exposuisse
1574 2284 1695 2324 facile

248 2346 477 2397 intelleges.
536 2344 674 2393 Quare
706 2356 799 2386 cum
826 2346 974 2386 falsam
996 2357 1092 2387 esse
1114 2346 1224 2387 illam
1245 2348 1531 2399 suspicionem
1562 2360 1696 2400 appa-

247 2413 342 2458 reat,
373 2414 498 2451 artam
530 2422 654 2462 quam
686 2412 964 2464 cognovimus
998 2413 1349 2453 necessitudinem
1376 2414 1584 2464 explicare
1611 2426 1695 2454 non

247 2486 476 2526 possumus
507 2477 585 2516 nisi
617 2477 835 2517 statuimus
866 2476 1054 2517 Tacitum
1086 2478 1124 2517 in
1148 2475 1371 2518 Germania
1401 2479 1696 2530 componenda

246 2541 446 2580 rationem
489 2541 598 2581 illam
640 2544 680 2582 et
720 2545 858 2591 artem,
900 2554 1024 2594 quam
1060 2544 1218 2595 primus
1248 2543 1506 2585 Posidonius
1536 2545 1697 2586 videtur

246 2606 503 2655 adhibuisse,
534 2618 618 2647 non
649 2608 786 2649 minus
816 2619 865 2649 ac
896 2607 1135 2650 Sallustium
1166 2611 1206 2650 et
1236 2608 1481 2661 Pompeium
1511 2609 1694 2665 Trogum

246 2674 300 2712 ita
331 2673 578 2721 servavisse,
608 2675 651 2713 ut
680 2674 845 2726 singula
876 2675 927 2714 de
958 2676 1083 2716 variis
1113 2675 1307 2727 gentibus
1343 2686 1367 2715 a
1396 2676 1520 2716 variis
1561 2677 1695 2728 scrip-
