1868 3093
745 196 1013 234 —93—

160 302 340 344 auctoris
382 301 574 352 exemplo
604 301 791 341 Tacitum
833 312 906 342 eas
947 304 1172 344 instituisse
1208 307 1295 346 sive
1330 308 1486 348 similes
1517 310 1596 348 iam

159 368 271 420 apud
302 377 377 407 eos
409 367 478 418 qui
509 368 682 407 aetatem
708 367 798 407 eius
819 368 1127 419 praecedebant
1146 371 1349 411 annalium
1371 374 1595 424 scriptores

158 433 367 473 exstitisse
398 434 601 482 putamus.

267 496 380 537 Haec
410 497 494 538 fere
525 498 649 537 habui
680 508 786 548 quae
818 498 870 537 de
891 497 1022 538 Taciti
1046 498 1377 550 digressionibus
1399 502 1593 550 dicerem;

156 564 198 602 ut
228 563 362 601 autem
388 573 540 610 eorum,
571 573 678 612 quae
700 563 889 612 exposui,
919 573 1122 602 summam
1144 564 1311 602 strictim
1335 566 1594 614 complectar,

155 629 195 667 in
237 638 288 667 eo
330 627 400 679 qui
431 626 624 679 Agricola
664 628 901 667 inscribitur
942 628 1047 667 libro
1083 628 1378 679 componendo
1408 629 1592 670 Tacitum

154 693 334 733 vidimus
382 693 478 733 belli
529 693 749 745 Iugurthini
800 691 1053 741 Sallustiani,
1111 694 1268 744 quippe
1322 695 1439 734 euius
1489 696 1592 736 duas

152 759 439 810 digressiones
464 759 567 798 inter
591 759 861 798 cohaerentes
887 760 1093 809 tamquam
1116 758 1374 806 transtulerit,
1395 760 1591 799 rationem

152 824 337 864 duxisse.
397 823 449 864 lis
470 825 539 874 qui
565 825 605 863 in
626 824 743 864 terris
766 824 1044 875 gentibusque
1070 824 1362 864 describendis
1382 828 1594 865 versantur

151 889 397 929 excursibus
428 889 614 929 conferre
640 889 843 929 debemus
866 887 1140 937 Germaniam,
1172 890 1250 929 nisi
1273 889 1388 940 quod
1411 890 1591 930 historiis

151 964 240 993 eam
272 965 354 994 non
386 944 656 1005 praemissam
688 956 877 995 videmus
918 955 994 995 sed
1026 955 1230 994 insertam.
1289 953 1384 1002 Quo
1416 955 1455 994 in
1488 955 1591 995 libro

150 1020 446 1070 componendo
488 1020 685 1060 rationem
727 1022 767 1059 et
807 1022 943 1068 artem,
986 1030 1108 1070 quam
1146 1020 1303 1070 primus
1335 1018 1591 1060 Posidonius

147 1084 344 1133 adhibuit,
366 1085 680 1136 diligentissime
706 1086 895 1125 servavit.
935 1085 997 1124 Ad
1019 1085 1279 1125 historiarum
1303 1085 1589 1136 digressiones

148 1150 421 1189 instituendas
470 1150 687 1201 plurimum
727 1143 910 1190 valuisse
952 1151 1115 1189 constat
1156 1148 1337 1189 Sallustii
1380 1151 1586 1191 historias.

146 1213 242 1262 Quo
283 1215 434 1255 factum
476 1217 549 1263 est,
591 1218 633 1255 ut
661 1215 830 1255 Tacitus
873 1216 924 1255 de
964 1216 1143 1254 virorum
1176 1215 1396 1266 insignium
1429 1216 1585 1267 origine

145 1281 287 1319 natura
316 1281 502 1320 moribus
532 1281 712 1328 doceret,
742 1282 920 1320 virorum
951 1282 1201 1319 mortuorum
1233 1281 1354 1319 vitam
1377 1285 1416 1320 et
1436 1292 1582 1329 mores,

144 1345 379 1396 respiceret,
402 1347 575 1386 duorum
602 1346 788 1386 locorum
806 1347 1008 1386 interitum
1031 1347 1176 1397 paucis
1198 1352 1522 1397 persequeretur,
1542 1350 1583 1387 ut

144 1411 369 1461 explicaret
398 1412 496 1452 ritus
527 1413 781 1464 peregrinos,
812 1412 1003 1451 Iudaeam
1040 1412 1292 1451 describeret
1321 1413 1360 1450 et
1389 1412 1458 1462 qui
1490 1423 1579 1451 eam

144 1476 338 1524 habitant,
387 1477 628 1517 dominandi
683 1477 947 1528 cupiditatem
997 1477 1035 1516 in
1086 1488 1126 1515 re
1175 1477 1343 1526 publica
1396 1475 1581 1518 Romana

142 1544 380 1582 nascentem
424 1544 463 1581 et
499 1544 753 1582 crescentem
785 1543 1031 1582 ostenderet.
1090 1541 1292 1581 Historias
1322 1542 1454 1581 secuti
1486 1544 1581 1581 sunt

140 1607 323 1655 annales,
364 1609 404 1647 in
447 1608 598 1659 quibus
634 1606 813 1648 Sallustii
856 1608 1036 1647 historiis
1078 1607 1279 1658 neglectis
1314 1608 1367 1646 ad
1399 1606 1578 1646 Alexan-—

141 1672 281 1713 drinae
303 1673 448 1713 aetatis
478 1684 609 1713 rerum
640 1673 896 1723 scriptorum,
926 1672 966 1711 in
997 1672 1138 1723 primis
1169 1673 1304 1711 autem
1336 1682 1477 1711 eorum
1510 1673 1578 1723 qui

139 1748 233 1777 eum
282 1739 589 1789 praecedebant
645 1738 851 1777 annalium
904 1738 1150 1788 scriptorum
1200 1738 1482 1777 auctoritatem
1532 1748 1577 1777 se

137 1803 346 1853 applicuit.
404 1803 516 1842 Haec
556 1813 683 1842 causa
722 1803 916 1842 habenda
946 1804 1019 1850 est,
1061 1813 1132 1842 cur
1173 1803 1272 1852 quid
1316 1803 1368 1842 de
1408 1802 1577 1842 Tiberio

137 1869 176 1907 et
218 1866 467 1908 Germanico
517 1868 833 1908 existimandum
878 1868 931 1907 sit
972 1868 1065 1918 ipsa
1106 1868 1338 1907 narratione
1381 1868 1577 1915 docuerit,

135 1933 313 1972 virorum
344 1935 593 1972 mortuorum
622 1934 744 1973 vitam
766 1933 1046 1983 persequendi
1068 1933 1412 1972 consuetudinem
1444 1935 1574 1971 muta-

135 1998 251 2045 verit,
302 1998 341 2036 in
384 1998 507 2038 rebus
539 1998 753 2038 narrandis
794 2008 995 2037 excursus
1038 1998 1116 2037 nisi
1148 1998 1353 2037 annalium
1397 1998 1573 2048 scripto-

135 2073 221 2101 rum
253 2063 396 2103 rationi
429 2064 726 2103 convenientes
757 2074 840 2103 non
872 2064 1104 2112 subiecerit‚
1135 2064 1315 2113 denique
1338 2074 1407 2102 cur
1428 2063 1571 2102 rituum

133 2128 482 2179 explicationibus
504 2131 543 2169 et
558 2131 752 2169 terrarum
774 2129 1128 2180 descriptionibus
1151 2129 1321 2169 omissis
1338 2128 1572 2179 complures

132 2194 203 2244 qui
240 2194 292 2233 ad
334 2195 399 2235 ius
436 2195 648 2245 publicum
679 2195 882 2245 pertinent
912 2205 1113 2234 excursus
1144 2195 1367 2234 inseruerit.
1423 2193 1570 2232 Verum

132 2258 185 2297 ita
228 2260 456 2299 auctoritati
498 2271 640 2299 eorum
676 2260 820 2310 paruit,
855 2262 907 2306 ut,
943 2270 1049 2309 quas
1090 2260 1130 2298 in
1173 2258 1353 2299 Sallustii
1397 2256 1570 2298 Catilina

130 2325 286 2366 invenit
321 2325 618 2375 digressiones,
655 2335 727 2364 eas
763 2324 918 2364 idoneo
955 2324 1050 2364 loco
1087 2325 1285 2364 imitando
1317 2324 1568 2374 exprimeret.
