1868 3093
814 133 1085 172 -51-

231 248 348 295 locis,
378 246 476 296 quin
497 244 724 294 expromat,
754 241 855 291 quid
876 242 1035 289 sentiat,
1065 241 1146 281 sibi
1166 242 1394 291 temperare
1416 252 1499 281 non
1520 244 1669 292 potest.

230 311 290 351 Ac
325 311 499 362 primum
536 307 817 359 quidemhuc
847 307 1050 357 pertinent
1080 317 1186 357 quae
1217 306 1419 347 habentur
1447 306 1576 346 XXXl
1606 307 1670 355 38,

234 375 347 415 1-8.
392 373 620 424 Sulpicium
651 371 771 419 enim,
802 371 1017 412 consulem
1050 370 1290 420 Romanum,
1327 372 1446 412 cuius
1477 371 1530 411 de
1559 372 1669 411 fama

230 441 456 490 scriptores
496 436 665 487 quidam
707 436 920 476 detrahere
961 437 1188 484 voluerunt,
1233 436 1410 488 Polybio
1454 439 1622 476 auctore
1640 436 1669 488 ¹)

231 504 338 544 adeo
380 513 464 542 non
506 511 678 553 segnem
710 511 757 541 se
787 501 1033 552 praebuisse
1065 501 1261 549 defendit,
1303 504 1346 542 ut
1374 502 1616 543 abstinuerit
1645 513 1670 542 a

231 569 410 619 Philippi
442 567 552 619 regis
580 568 816 615 temeritate,
848 568 966 607 cuius
997 568 1263 607 temeritatem
1290 568 1478 618 quamvis
1500 579 1584 608 non
1605 569 1668 608 in-

229 634 379 674 fitietur
399 635 439 672 at
460 634 568 672 certe
590 635 734 673 censet
753 643 849 673 esse
871 633 1165 673 excusandam.
1213 632 1398 673 Eundem
1420 631 1669 684 Philippum,

231 700 327 750 quia
365 699 553 739 consulis
587 698 767 738 adventu
802 699 987 738 nuntiato
1017 699 1148 739 saltus
1180 701 1412 749 occupatos
1442 699 1670 740 deseruerit

231 766 353 814 atque
376 762 561 815 Pydnam
590 763 748 815 fugerit,
779 764 924 804 nescio
954 774 1006 803 an
1037 764 1179 803 iterum
1205 762 1468 815 Polybium2)
1499 767 1669 804 secutus

231 824 370 881 (XLlV
389 828 426 876 6,
455 828 481 868 3
502 827 583 880 sq.)
614 829 886 880 reprehendit.
936 828 1089 881 Regem
1120 829 1240 877 enim,
1270 830 1335 869 cui
1364 839 1512 869 omnes
1532 830 1669 870 aditus

230 895 382 934 tenenti
425 893 635 935 Romanos
679 894 859 934 abscisis
904 894 1106 944 utrimque
1148 894 1321 945 rupibus
1363 895 1670 946 praesidiisque

231 960 410 1000 hostium
442 959 629 1000 inclusos
658 959 765 999 fame
795 960 969 1010 perdere
998 959 1120 999 facile
1151 959 1310 1007 fuisset,
1346 960 1456 999 hunc
1486 969 1563 1000 sua
1593 961 1669 1000 de-

231 1025 382 1065 mentia
422 1025 610 1065 consulis
650 1035 757 1075 quae
797 1026 1003 1064 temeritas
1044 1025 1173 1064 videri
1202 1025 1417 1074 potuisset,
1457 1053 1467 1061 .
1496 1055 1503 1062 .
1534 1056 1542 1064 .
1578 1036 1668 1065 eam

231 1101 311 1131 non
359 1090 629 1131 inconsultam
677 1090 898 1131 audaciam
946 1090 1101 1131 fecisse
1150 1090 1342 1130 ostendit.
1406 1088 1667 1142 Quamquam

231 1157 351 1207 igitur
380 1156 551 1209 Romani
589 1157 655 1195 hic
691 1167 774 1195 non
810 1157 951 1206 aperte
987 1156 1212 1202 laudantur,
1254 1156 1336 1195 illic
1367 1167 1450 1194 non
1481 1156 1561 1195 soli
1593 1157 1668 1195 de-

230 1221 460 1269 fenduntur,
489 1223 624 1261 tamen
654 1220 707 1261 ad
738 1222 953 1272 utrumque
984 1230 1204 1261 excursum
1225 1231 1276 1260 ex
1297 1219 1460 1272 Polybii
1483 1221 1666 1262 historiis

231 1275 559 1340 depromendum
600 1297 684 1325 non
724 1288 805 1325 tam
847 1286 999 1325 iustitia
1039 1288 1079 1325 et
1118 1286 1324 1336 aequitate
1366 1296 1489 1336 quam
1525 1287 1665 1326 studio

230 1361 327 1403 erga
370 1352 540 1402 patriam
584 1351 798 1402 ducesque
846 1350 1055 1393 Romanos
1100 1351 1323 1391 adductum
1367 1362 1464 1391 esse
1509 1351 1665 1391 Livium

231 1416 446 1467 probabile
481 1418 555 1456 est.

341 1492 448 1532 Luce
479 1493 613 1531 autem
644 1491 793 1531 clarius
824 1493 1002 1542 quantus
1030 1491 1149 1531 fuerit
1178 1492 1218 1530 in
1240 1491 1354 1531 Livio
1376 1493 1529 1543 patriae
1551 1503 1667 1532 amor

232 1558 499 1609 cognoscitur
537 1556 628 1597 XXI
663 1556 721 1604 19,
755 1557 869 1604 1—,5‚
910 1557 979 1596 ubi
1021 1557 1074 1596 ad
1114 1557 1265 1596 famam
1308 1556 1586 1599 Romanorum
1628 1561 1668 1598 et

232 1623 577 1664 existimationem
611 1622 814 1663 adversus
849 1622 956 1663 alios
991 1623 1217 1674 scriptores
1255 1622 1561 1663 defendendam
1592 1624 1667 1664 ab-

232 1690 430 1730 strahitur.
470 1689 650 1741 Legatos
670 1690 778 1729 enim
800 1688 1023 1736 Romanos,
1048 1690 1117 1739 qui
1139 1689 1292 1728 bellum
1315 1687 1669 1740 Carthaginiensi-

232 1755 311 1795 bus
352 1755 593 1801 indixerant,
635 1755 687 1793 de
730 1755 815 1794 iure
854 1753 1068 1794 foederum
1111 1754 1206 1794 ideo
1244 1765 1327 1793 non
1364 1754 1669 1805 disceptavisse

233 1820 456 1867 contendit,
497 1820 594 1869 quia
628 1819 805 1858 alienum
839 1819 1036 1859 ducerent
1065 1829 1089 1858 a
1119 1819 1316 1870 dignitate
1348 1818 1544 1866 Romana,
1586 1831 1668 1859 non

233 1895 316 1935 quo
339 1882 752 1936 Carthaginiensibus
782 1884 1069 1924 incusantibus
1098 1884 1353 1934 respondere
1376 1894 1460 1923 non
1482 1887 1670 1934 possent.

233 1948 359 1996 Quod
390 1951 433 1989 ut
460 1949 620 1999 probet,
651 1949 984 1999 quibuscumque
1006 1947 1179 1990 Romani
1209 1959 1256 1988 se
1282 1948 1507 1988 defendere
1533 1949 1669 1988 crimi-

233 2025 368 2065 naque
404 2012 804 2066 Carthaginiensium
847 2014 1001 2057 diluere
1043 2016 1084 2053 et
1122 2013 1308 2054 refellere
1349 2016 1579 2064 potuerunt,
1621 2026 1671 2054 ea

233 2081 358 2121 affert.
411 2079 545 2127 Quam
577 2090 659 2119 rem
690 2081 867 2130 quantae
898 2080 1085 2119 habuerit
1115 2090 1236 2120 curae
1266 2080 1330 2120 vel
1362 2080 1457 2120 inde
1488 2082 1670 2131 apparet,

233 2147 347 2197 quod
384 2157 466 2185 non
501 2145 761 2185 transtulisse
796 2145 972 2184 similem
1003 2156 1223 2184 excursum
1255 2145 1540 2196 Polybianum,
1581 2146 1670 2191 sed,

234 2222 340 2263 quae
376 2211 487 2262 apud
524 2211 722 2261 optimum
755 2220 961 2260 quemque
992 2211 1236 2260 scriptorem
1268 2211 1319 2250 ad
1352 2209 1563 2253 Romanos
1594 2211 1669 2249 de—

232 2277 469 2316 fendendos
499 2276 652 2315 idonea
680 2275 843 2321 invenit,
873 2275 924 2314 iis
953 2275 1114 2314 videtur
1144 2286 1239 2315 esse
1273 2274 1483 2324 abusus3).

343 2340 506 2388 Quibus
551 2340 715 2380 iudiciis
759 2339 993 2379 inserendis
1033 2339 1125 2379 illas
1167 2340 1321 2390 quibus
1363 2350 1409 2379 se
1452 2339 1670 2379 obstrinxit

343 2493 368 2532 1)
392 2492 431 2525 H.
455 2491 597 2532 Nissen,
620 2492 948 2533 Untersuchungen,
972 2499 1003 2523 a.
1030 2489 1122 2529 1863,
1147 2498 1226 2531 pag.
1252 2490 1305 2529 73,
1334 2489 1404 2523 128.

343 2548 368 2587 ²)
394 2546 464 2579 ibd.
489 2554 569 2588 pag.
591 2546 666 2579 259.

344 2602 367 2641 ³)
393 2600 484 2634 conf.
511 2601 580 2634 Liv.
606 2601 661 2635 ed.
686 2600 939 2641 Weissenborn,
971 2608 999 2632 a.
1028 2599 1121 2639 1881,
1152 2598 1194 2631 lV
1223 2600 1248 2639 l,
1279 2607 1358 2640 pag.
1383 2598 1534 2634 46,adn.
1564 2598 1613 2639 19,
1642 2600 1654 2631 l

1408 2664 1447 2696 4*
