1868 3093
804 179 1069 217 -41-

223 286 378 337 quibus
408 286 612 327 Hannibal
646 289 688 328 ut
717 286 991 328 Hasdrubalis
1021 286 1170 326 milites
1199 297 1274 337 per
1302 286 1518 326 triennium
1548 288 1659 326 totos

221 351 301 392 sibi
321 361 369 392 se
391 352 534 392 darent
554 352 743 404 perfecit3
769 354 808 393 et
827 351 987 393 XXVIII
1014 352 1072 400 12,
1097 352 1201 392 1—9
1225 362 1274 391 ea
1295 352 1474 399 exhibet,
1504 351 1657 402 quibus

221 417 466 469 intellegitur
485 418 550 458 vel
572 429 623 459 eo
644 428 766 466 anno,
787 429 871 469 quo
893 428 1000 469 opes
1021 418 1110 459 eius
1128 417 1481 465 deminuebantur,
1502 416 1659 457 Hanni-

222 482 356 522 balem
387 485 540 522 tantum
571 484 635 522 sui
660 485 854 523 terrorem
877 482 1073 525 Romanis
1095 484 1246 523 inicere
1270 484 1472 534 potuisse,
1502 485 1545 522 ut
1565 493 1659 522 eum

221 548 391 599 aggredi
436 559 519 587 non
563 548 772 588 auderent.
841 547 949 588 Luce
994 549 1128 588 autem
1174 548 1324 588 clarius
1369 558 1492 598 quam
1534 548 1658 599 longe

222 611 359 652 Livius
416 623 441 652 a
497 624 655 653 morum
714 613 1068 664 descriptionibus
1122 613 1341 652 abhorreat
1388 615 1561 663 apparet
1609 623 1660 652 ex

221 677 347 717 XXVI
383 678 441 725 19,
470 678 589 725 3-9,
619 678 688 718 ubi
720 679 890 718 secutus
919 676 1138 729 Polybium
1169 676 1223 729 (X
1252 677 1379 729 2—5)
1410 678 1462 717 de
1493 676 1536 716 Ρ.
1568 676 1659 717 Sci-

222 743 347 793 pione
389 743 587 783 nonnulla
627 743 808 793 praebet.
866 743 970 783 Nam
1012 754 1105 783 cum
1147 742 1348 794 Polybius
1389 743 1430 782 id
1472 745 1577 794 agat,
1620 744 1661 782 ut

223 808 322 859 quid
367 808 420 849 de
461 806 660 860 Scipione
705 809 1022 850 existimandum
1068 809 1121 850 sit
1164 808 1326 857 efficiat,
1371 808 1509 849 Livius
1552 807 1661 848 facta

222 875 427 924 quaedam
458 875 648 914 subicere
679 876 781 915 satis
817 876 951 924 habet,
986 886 1037 914 ex
1068 875 1221 925 quibus
1252 877 1542 927 cognoscatur,
1578 884 1660 923 qua

223 939 275 979 de
306 950 433 979 causa
464 939 635 982 Romani
657 938 844 991 Scipioni
875 941 1012 980 iuveni
1043 940 1281 988 admodum,
1310 940 1353 980 id
1384 940 1500 991 quod
1531 939 1659 979 modo

222 1005 380 1052 rettulit,
401 1005 616 1055 imperium
638 1005 836 1045 dederint.
867 1005 909 1044 ld
932 1016 1101 1055 quoque
1122 1006 1472 1051 commemorabo,
1492 1004 1660 1055 Thucy-

223 1069 374 1118 didem,
410 1080 532 1120 quem
570 1070 692 1112 simili
729 1070 906 1111 consilio
943 1071 995 1110 de
1026 1069 1226 1110 Brasidae
1262 1070 1413 1110 iustitia
1445 1070 1659 1109 monuisse

223 1145 349 1185 supra
384 1136 480 1183 dixi,
516 1136 569 1174 ab
605 1136 753 1175 iisdem
782 1135 867 1174 fere
897 1135 1036 1175 verbis
1067 1145 1267 1175 excursus
1299 1136 1455 1174 initium
1486 1145 1660 1181 sumere,

224 1210 248 1239 a
283 1200 436 1250 quibus
478 1200 616 1240 Livius
652 1201 718 1240 hic
754 1201 912 1252 incipit:
962 1200 1053 1240 Fuit
1092 1201 1195 1240 enim
1236 1199 1375 1251 Scipio
1410 1232 1417 1239 .
1449 1232 1457 1239 .
1487 1231 1511 1246 .,
1553 1199 1659 1239 conf.

222 1265 350 1305 Thuc.
381 1265 431 1305 IV
459 1266 523 1313 81,
552 1267 594 1305 2:
641 1266 687 1304 τό
722 1279 765 1303 τε
798 1266 874 1317 γὰρ
909 1268 1140 1316 παραυτίκα
1176 1264 1316 1303 ἑαυτὸν
1351 1262 1571 1317 παρασχών
1601 1264 1657 1302 δι’·

222 1343 335 1367 καιον
377 1361 384 1368 .
421 1360 428 1367 .
465 1361 472 1369 .
548 1330 771 1382 Utriusque
820 1331 1033 1381 scriptoris
1082 1341 1282 1370 excursus
1331 1340 1453 1381 quam
1502 1341 1585 1369 non
1635 1340 1658 1368 a

224 1396 454 1447 narratione
484 1397 650 1446 possint
679 1397 840 1448 seiungi
872 1397 935 1436 vel
967 1407 1018 1436 ex
1048 1397 1112 1436 his
1142 1396 1280 1436 verbis
1312 1397 1493 1447 apparet.

332 1461 470 1500 Nihilo
501 1462 633 1513 magis
655 1461 793 1501 Livius
823 1461 938 1513 leges
970 1462 1122 1512 quibus
1153 1471 1198 1501 se
1230 1461 1448 1501 obstrinxit
1477 1461 1659 1513 neglegit

223 1528 273 1566 iis
305 1527 421 1575 locis,
457 1527 527 1566 ubi
558 1527 610 1567 de
640 1527 817 1567 virorum
849 1528 1108 1578 quorundam
1139 1527 1399 1567 inductorum
1430 1527 1588 1579 origi-ne
1619 1529 1659 1566 et

224 1593 408 1632 moribus
439 1594 585 1644 paucis
615 1595 764 1633 monet.
821 1591 1029 1633 Pertinent
1058 1594 1149 1640 huc,
1180 1595 1221 1632 ut
1251 1603 1356 1643 quae
1388 1593 1554 1633 brevius
1581 1593 1657 1632 ali-

224 1658 418 1708 quotiens
448 1659 558 1698 dicta
588 1661 683 1698 sunt
712 1659 958 1706 omittamus,
989 1669 1094 1709 quae
1117 1659 1168 1698 de
1191 1657 1386 1705 Quinctio
1417 1657 1482 1709 (Ill
1508 1660 1566 1705 ll,
1592 1659 1657 1709 16)

224 1725 263 1762 et
304 1723 355 1762 de
396 1723 556 1762 Marcio
599 1722 727 1774 (XXV
758 1723 822 1771 37,
856 1723 983 1774 2-3)
1026 1723 1241 1774 praefatur.
1310 1722 1454 1763 lterum
1498 1724 1533 1763 si
1576 1734 1659 1762 non

223 1788 429 1828 annalium
474 1789 700 1840 scriptores
745 1787 956 1832 Romanos
1000 1791 1041 1829 at
1084 1790 1192 1829 certe
1236 1788 1522 1840 Thucydidem
1567 1789 1661 1829 licet

224 1845 475 1905 cOmparare,
517 1855 586 1905 qui
620 1853 821 1896 Cleonem
858 1853 923 1907 (ΙΙΙ
953 1854 1024 1906 36)
1068 1855 1278 1895 nonnullis
1319 1854 1457 1895 verbis
1493 1855 1659 1902 inducit,

224 1919 384 1960 scilieet
413 1931 496 1971 quo
528 1920 675 1961 melius
707 1930 813 1972 quae
844 1920 896 1960 de
922 1921 1003 1961 hoc
1025 1922 1256 1961 narraturus
1278 1921 1341 1960 est
1364 1920 1659 1972 intellegantur.

225 1985 273 2025 Et
308 1986 457 2025 eodem
494 1986 672 2025 consilio
703 1986 840 2025 Livius
877 1987 929 2025 de
961 1985 1141 2033 Quinctii
1179 1987 1349 2036 exponit
1379 1985 1590 2024 ferocitate
1621 1988 1660 2024 et

223 2050 511 2097 facundia‚.de
542 2050 638 2090 belli
669 2051 815 2101 peritia
842 2051 1093 2102 ingenioque
1115 2050 1257 2099 Marci,
1288 2051 1443 2101 quippe
1475 2050 1543 2100 qui
1575 2061 1658 2090 non

225 2116 314 2155 eius
356 2116 437 2155 sint
478 2116 684 2163 momenti,
726 2118 768 2154 ut
808 2116 908 2166 quid
950 2116 1003 2155 de
1042 2117 1092 2155 iis
1128 2116 1443 2156 existimandum
1479 2116 1532 2154 sit
1567 2116 1661 2166 ipsa

226 2181 455 2223 narratione
486 2181 622 2232 possit
653 2181 806 2221 doceri.
864 2180 1002 2229 Quare
1032 2182 1263 2233 simplicem
1293 2181 1499 2221 annalium
1526 2181 1660 2232 scrip-

225 2250 357 2287 torum
394 2247 594 2287 rationem
625 2247 780 2287 Livium
816 2259 900 2288 non
935 2250 1017 2287 tam
1054 2248 1273 2299 neglegere
1309 2257 1431 2296 quam
1463 2247 1661 2297 supplere

225 2313 449 2353 concedes.

334 2379 386 2418 At
426 2379 526 2429 quid
568 2379 756 2419 dicamus
797 2379 850 2418 de
892 2379 1175 2430 compluribus
1218 2379 1306 2417 istis
1349 2378 1466 2426 locis,
1508 2379 1662 2429 quibus

224 2444 403 2483 virorum
452 2443 683 2495 aliquorum
728 2446 979 2484 mortuorum
1023 2444 1144 2483 vitam
1189 2443 1327 2482 Livius
1371 2444 1663 2495 persequitur?

226 2509 375 2549 Nonne
415 2510 482 2549 hic
523 2520 547 2548 a
587 2509 710 2549 solita
751 2510 907 2549 ratione
950 2508 1156 2549 discedit?
1213 2506 1378 2555 Quibus
1422 2509 1474 2549 de
1514 2510 1664 2561 elogiis

226 2574 326 2624 quid
370 2573 636 2613 iudicandum
681 2574 734 2614 sit
776 2574 1016 2624 priusquam
1058 2575 1297 2621 statuamus,
1341 2575 1573 2614 accuratius
1616 2585 1664 2614 ea

226 2640 539 2690 perscrutemur.
607 2638 667 2679 Ac
711 2640 885 2690 primum
930 2639 1096 2690 quidem
1142 2640 1319 2679 occurrit
1360 2640 1372 2679 Ι
1407 2640 1472 2688 48,
1512 2641 1549 2689 8,
1594 2641 1663 2680 ubi
