1868 3093
823 164 1093 203 -36,-

230 278 301 323 τῆς
341 268 463 323 ἄλλης
504 270 738 324 οἰκουμένης
778 270 1083 324 εὖρισκουμένου
1127 279 1198 310 τοῦ
1241 279 1370 323 φυτοῦ
1412 274 1567 319 τούτου,
1611 277 1681 323 τῆς

232 333 265 374 δ’
298 334 355 382 ἕξ’
386 335 509 375 αὐτοῦ
538 338 676 389 χρείας
706 367 713 375 .
735 367 742 375 .
764 350 791 385 .;
821 336 946 377 Diod.
966 337 1001 378 V
1027 338 1086 386 10,
1106 338 1149 377 2:
1180 334 1223 385 ἐξ
1251 329 1299 389 ἧς
1326 336 1592 387 λαμβάνουσιν
1614 370 1622 378 .
1643 367 1651 376 .
1672 368 1680 376 .

229 402 406 453 μεγάλας
435 401 670 454 προςόόους.
692 401 871 452 οὐδαμοῦ
890 403 966 454 γὰρ
986 409 1058 455 τῆς
1078 401 1312 454 οἰκουμένης
1339 408 1410 454 τῆς
1434 404 1682 455 στυπτηρίας

230 470 438 519 γινομένης
466 467 534 505 καὶ
565 468 719 519 πολλὴν
750 469 887 519 χρείαν
918 471 1198 519 παρεχομένης
1228 498 1264 508 ..
1289 498 1296 505 .

342 532 423 572 Iam
469 532 662 572 conferas
705 533 828 572 velim
874 543 980 583 quae
1024 531 1240 573 Diodorus
1282 533 1334 573 de
1376 533 1576 573 balsamis
1618 533 1679 572 in-

230 600 400 637 venerat
430 598 623 648 exposita
653 598 766 648 apud
797 597 1072 638 Posidonium
1090 597 1121 650 ¹)
1153 609 1245 638 cum
1278 598 1454 638 Iustino:

281 683 407 724 Diod.
437 684 467 724 ll
497 684 552 724 48
583 683 642 735 (et
671 684 761 724 XlX
790 683 874 737 98).
1116 683 1209 725 lust.
1238 683 1414 732 XXXVI,
1445 683 1491 724 lll
1526 685 1557 723 1.

286 761 323 801 6.
353 761 470 812 λίμνη
500 774 542 798 τε
568 761 719 813 μεγάλη
748 764 925 813 φέρουσα
1049 772 1149 812 opes
1184 761 1300 812 genti
1333 772 1382 801 ex
1417 759 1681 812 vectigalibus

232 825 388 877 πολλὴν
419 822 638 876 ἄσφαλτον.
994 826 1260 878 opobalsami
1286 837 1446 867 crevere
1466 825 1539 878 (2),
1570 826 1684 877 quod

286 892 322 931 9.
352 893 504 942 γίνεται
534 889 577 929 δὲ
607 891 705 943 περὶ
735 891 828 937 τοὺς
856 892 924 930 τό-
993 891 1033 931 ἰη
1063 892 1128 931 ills
1157 895 1312 932 tantum
1344 891 1405 944 (3)
1448 890 1682 943 regionibus

232 969 337 1003 πους
365 958 533 1002 τούτους
574 954 614 994 ἐν
656 954 806 994 αὐλῶνί
846 970 925 994 τινι
987 957 1182 1008 gignitur.
1226 960 1289 998 est
1329 968 1506 1008 namque
1553 956 1681 1000 vallis,

234 1021 296 1073 (1)
326 1022 394 1058 καὶ
424 1021 470 1059 τὸ
499 1022 745 1070 καλούμενον
780 1021 925 1070 βάλσα-
993 1032 1101 1072 quae
1130 1023 1332 1061 continm's
1351 1022 1557 1062 montibus
1578 1023 1685 1061 velut

230 1100 319 1135 μον,
366 1085 409 1134 ἐξ
457 1079 504 1125 οὗ
552 1085 754 1138 πρόςοόον
799 1085 924 1136 ἁδρὰν
993 1098 1109 1126 muro
1140 1087 1321 1137 quodam
1352 1088 1561 1127 adinstar
1588 1087 1681 1126 hor-

232 1152 500 1200 λαμβάνουσιν
532 1150 608 1204 (2),
646 1150 825 1200 οὐδαμοῦ
853 1149 925 1201 μὲν
994 1154 1125 1192 torum
1167 1152 1373 1192 claudimr
1413 1150 1475 1204 (Ι)
1506 1182 1512 1189 .
1540 1181 1548 1189 .
1573 1164 1601 1198 .;
1642 1152 1681 1191 in

229 1223 302 1268 τῆς
321 1216 444 1268 ἄλλης
463 1216 525 1268 (3)
546 1215 780 1268 οἰκουμένης
799 1215 926 1268 εὖρισ-
995 1228 1044 1257 ea
1073 1218 1177 1258 Silva
1208 1221 1295 1257 est.
1317 1249 1325 1257 .
1346 1247 1353 1254 .
1375 1217 1415 1257 l'n
1445 1228 1494 1257 ea
1519 1218 1683 1268 regione

231 1285 426 1331 κουμένου
472 1288 545 1320 τοῦ
592 1288 722 1332 φυτοῦ
770 1283 924 1330 τούτου,
959 1313 962 1326 y
995 1282 1105 1322 latus
1135 1283 1250 1322 lacus
1281 1285 1343 1322 est
1369 1314 1377 1321 .
1399 1312 1435 1321 ..

233 1354 303 1399 τῆς
333 1345 368 1385 δ’
400 1346 443 1395 ἐξ
474 1346 597 1384 αὐτοῦ
626 1349 764 1398 χρείας
793 1378 830 1386 ..
851 1379 859 1386 .
960 1329 963 1382 l

344 1432 452 1475 Sane
485 1434 683 1485 quoniam
715 1434 832 1474 lacus
863 1434 1122 1485 asphaltides
1153 1435 1265 1485 apud
1288 1435 1483 1475 lustinum
1515 1435 1682 1474 brevius

234 1500 531 1551 perstringitur,
573 1510 786 1550 perpauca
826 1501 922 1539 sunt
963 1510 1070 1550 quae
1113 1501 1294 1550 possunt
1323 1501 1575 1550 comparari;
1606 1501 1681 1540 sed

233 1565 456 1612 sufficiunt,
487 1566 599 1615 puto,
632 1565 685 1604 ad
711 1565 1093 1613 demonstrandum,
1123 1575 1230 1616 quae
1261 1565 1342 1605 hoc
1365 1566 1460 1605 loco
1483 1576 1506 1605 a
1527 1564 1681 1605 Iustino

233 1633 395 1670 servata
440 1632 546 1677 sunt,
591 1641 640 1669 ea
685 1631 830 1670 nescio
875 1641 926 1669 an
972 1631 1111 1670 medio
1156 1631 1436 1670 intercedente
1480 1631 1681 1681 scriptore

234 1694 399 1736 Graeco
415 1695 448 1747 2)
478 1695 653 1735 fluxisse
685 1706 736 1734 ex
766 1696 949 1735 historiis
980 1694 1210 1735 Posidonii.

761 1815 796 1854 6.
829 1813 1162 1855 Conclusio.

344 1890 483 1931 Pauca
513 1891 650 1930 habeo
682 1901 789 1942 quae
821 1891 956 1931 dicam
988 1891 1040 1930 de
1063 1891 1186 1931 certis
1208 1890 1288 1931 illis
1308 1891 1459 1938 verbis,
1486 1901 1509 1930 a
1530 1890 1682 1941 quibus

235 1956 457 1997 Sallustius
488 1956 740 2006 aliquotiens
771 1967 1019 1995 excursuum
1062 1956 1217 1995 initium
1261 1957 1394 1995 sumit.
1453 1955 1571 2003 Quae
1603 1967 1683 1996 una

236 2033 328 2061 cum
361 2021 623 2072 digrediendi
655 2020 959 2060 consuetudine
990 2031 1014 2060 a
1046 2019 1277 2061 Posidonio
1320 2031 1412 2060 eum
1458 2023 1682 2079 mutuatum

234 2111 384 2179 **—3
396 2138 529 2173 Confer
563 2139 627 2172 Th.
664 2138 829 2179 Reinach,
853 2139 872 2171 l.
898 2139 918 2171 l.
943 2148 1024 2181 pag.
1048 2139 1117 2172 256
1140 2139 1220 2172 adn.
1245 2139 1282 2172 3:
1307 2138 1502 2181 Comparer
1531 2139 1585 2173 les
1620 2139 1683 2172 de-

233 2191 424 2236 scriptions
450 2194 638 2228 d'Aristote
664 2194 715 2234 (ηο
737 2194 781 2236 4),
817 2193 1221 2228 Diodore-Posidonios
1247 2194 1297 2236 (ηο
1319 2194 1450 2227 33-35
1474 2194 1553 2235 bis),
1589 2193 1683 2228 Stra-

236 2250 308 2283 bon
334 2275 342 2282 .
368 2276 374 2281 .
401 2275 407 2281 .

345 2306 369 2345 2)
395 2304 513 2338 Utrum
538 2305 571 2337 in
590 2304 771 2338 hominum
796 2304 955 2337 moribus
980 2305 1015 2337 et
1038 2306 1204 2337 terrarum
1229 2303 1297 2337 situ
1315 2305 1349 2337 et
1363 2303 1523 2346 frugibus
1547 2303 1683 2337 descri-

233 2358 362 2392 bendis
398 2359 512 2400 ipsius
548 2357 733 2391 Posidonii
769 2367 813 2391 an
849 2358 1064 2401 Timagenis,
1100 2367 1207 2400 quem
1231 2359 1412 2391 auctorem
1448 2358 1524 2392 eius
1548 2360 1682 2400 putant,

233 2413 384 2455 vestigia
407 2413 562 2454 Trogum
588 2412 798 2454 Pompeium
834 2413 1005 2454 presserit
1040 2414 1136 2446 certo
1167 2413 1352 2455 dijudicari
1377 2412 1507 2454 nequit.
1554 2413 1682 2446 Verum

233 2468 268 2501 id
293 2468 375 2500 mihi
400 2467 537 2500 videtur
561 2467 726 2508 notabile,
753 2468 850 2509 quod
875 2467 1017 2510 Trogus
1041 2468 1163 2510 operis
1189 2468 1287 2510 quod
1312 2468 1433 2501 dicunt
1458 2467 1525 2508 „de
1549 2467 1682 2501 anima-

232 2523 346 2556 libus“
371 2522 527 2563 reliquiis
552 2531 623 2555 non
649 2522 726 2555 eius
752 2523 883 2564 ingenii
908 2522 1119 2564 scriptorem
1143 2530 1185 2556 se
1209 2523 1368 2564 praebet,
1405 2523 1442 2556 ut
1471 2522 1505 2555 in
1529 2522 1683 2555 historiis

234 2579 305 2618 (ep.
323 2576 366 2609 lX
381 2575 413 2617 8,
434 2577 464 2616 l)
490 2575 639 2618 Philippi
664 2578 699 2609 et
722 2575 911 2610 Alexandri
936 2577 1238 2618 comparationem
1263 2576 1564 2610 absolutissimam
1581 2575 1683 2610 Posi-

233 2631 330 2664 donii
355 2631 523 2673 exemplo
549 2630 718 2664 effecisse
745 2639 824 2664 eum
850 2632 1025 2673 putemus.
