1868 3093
810 126 1080 166 -62-

275 235 340 283 45,
362 236 402 275 7:
425 233 675 286 fecundiora
695 235 820 286 igitar
839 246 912 275 ne-

221 311 341 339 mora
370 301 565 350 lucosque
593 300 701 339 sicut
731 297 913 339 Orientis

221 366 400 411 secretis,
430 364 502 405 ubi
524 367 617 405 tura
640 364 913 416 balsamaque

222 430 437 477 sudantur,
468 460 475 468 .
498 462 505 469 .
527 460 535 468 .

277 506 342 553 46,
363 506 405 545 2:
445 517 552 557 quae
581 507 720 547 omnia
751 507 916 547 diversa

223 570 432 611 Sarmatis
482 574 579 611 sunt
635 572 675 611 in
721 573 915 622 plaustro

225 646 411 686 equoque
442 636 676 676 viventibus.

281 711 306 751 3
337 710 546 763 (Fennis):
588 714 750 753 vestitui
773 713 916 762 pelles,

227 776 359 816 cubile
398 777 565 817 humus:
603 778 721 817 solae
760 778 800 816 in
843 788 916 816 sa-

221 843 339 891 gittis
378 852 479 891 opes
622 842 810 892 idemque
850 853 916 881 ve-

227 908 351 945 natus
371 907 482 946 viros
497 907 658 957 pariter
673 917 723 947 ac
735 906 918 958 feminas

228 971 322 1018 alit;
346 973 507 1021 passim
538 973 643 1012 enim
674 973 920 1013 comitantur

222 1038 467 1087 partemque
518 1037 708 1087 praedae
763 1040 920 1088 petunt.

228 1112 301 1140 nec
332 1101 450 1141 aliud
481 1101 709 1153 infantibus
730 1102 920 1153 ferarum

229 1165 499 1216 imbriumque
526 1165 761 1217 suffugium,
796 1177 920 1217 quam

230 1233 276 1269 ut
313 1231 353 1270 in
395 1231 534 1281 aliquo
577 1242 785 1271 ramorum
815 1243 921 1272 nexu
954 1282 956 1294 μ

230 1297 510 1345 contegantur.

1037 234 1131 275 lust.
1151 233 1327 282 XXXVI,
1353 234 1399 274 111
1420 235 1446 274 3
1475 235 1545 284 (de
1566 233 1668 274 Ara-

982 300 1051 339 bia
1094 297 1294 351 deserta):
1337 299 1518 340 Arbores
1566 309 1668 349 opoa.

983 364 1163 405 balsami
1286 367 1396 405 certo
1438 365 1539 405 anni
1570 367 1670 405 tem-1

978 441 1083 481 pore
1110 430 1275 470 sudant.

1040 506 1132 547 lust.
1154 506 1194 554 11,
1215 506 1245 546 11
1270 506 1320 546 14
1340 504 1535 558 (Scythi):
1566 516 1670 545 uxo-

984 584 1051 612 res
1071 572 1302 623 liberosque
1323 581 1459 611 secum
1480 572 1520 610 in
1546 570 1670 621 plau-

984 638 1082 677 stris
1111 637 1267 677 vehunt.

1041 712 1133 751 lust.
1155 712 1195 758 11,
1218 712 1247 751 11
1271 712 1314 751 3:
1344 744 1352 751 .
1374 742 1381 749 .
1403 743 1411 751 .
1436 722 1515 762 per
1543 711 1671 751 incul-

986 780 1051 816 tas
1079 776 1322 816 solitudines
1362 787 1503 816 errare
1530 776 1672 816 solitis.

987 841 1146 882 Uxores
1186 840 1418 891 liberosque
1457 851 1593 880 secum
1632 841 1673 879 in

981 907 1184 957 plaustris
1204 906 1360 953 vehunt,
1381 905 1529 957 quibus
1551 906 1675 946 coriis

987 971 1175 1012 imbrium
1187 972 1411 1022 hiemisque
1423 982 1553 1011 causa
1560 972 1675 1011 tectis

983 1048 1064 1088 pro
1108 1036 1297 1077 domibus
1339 1039 1508 1077 utuntur
1534 1068 1571 1076 ..
1593 1068 1601 1076 .
1629 1035 1676 1076 92

985 1102 1164 1152 pellibus
1191 1106 1325 1143 tamen
1348 1101 1497 1152 ferinis
1516 1112 1566 1141 ac
1586 1112 1674 1140 mu-

989 1167 1089 1207 rinis
1119 1169 1295 1207 utuntur.
1670 1164 1673 1168 ’

341 1369 470 1411 Porro
508 1383 614 1423 quae
652 1373 704 1413 de
736 1371 907 1421 Parthis,
942 1375 1063 1425 gente
1095 1371 1316 1414 Germanis
1348 1374 1535 1413 moribus
1567 1374 1678 1413 haud

232 1437 436 1484 dissimili,
457 1448 481 1476 a
496 1437 638 1490 Trogo
661 1439 770 1479 dicta
787 1439 826 1478 in
844 1441 1064 1492 angustum
1083 1439 1221 1492 coegit
1236 1439 1414 1479 Iustinus
1429 1438 1525 1487 XLI,
1545 1438 1556 1478 1
1577 1437 1678 1478 -lV

232 1501 426 1543 conferas
456 1503 578 1543 velim
611 1515 703 1544 curn
734 1504 900 1545 Tacito:

443 1590 542 1630 Tac.
574 1590 710 1632 Germ.

288 1667 324 1713 2,
354 1667 395 1706 5:
438 1670 531 1707 tunc
562 1667 762 1709 Germani
791 1672 928 1710 vocati

233 1734 347 1770 sunt:
377 1732 435 1771 ita
456 1734 637 1773 nationis
656 1745 813 1781 nomen,
843 1746 924 1775 non

228 1797 366 1846 gentis
397 1797 600 1838 evaluisse
627 1800 846 1849 paulatIm,
884 1803 930 1840 ut

234 1872 375 1901 omnes
410 1864 589 1912 primum
626 1875 653 1903 a
689 1865 838 1906 victore
873 1866 925 1906 ob

234 1929 393 1974 metum,
423 1939 519 1968 mox
548 1930 670 1969 etiam
701 1941 728 1970 a
756 1941 801 1971 se
825 1932 927 1982 ipsis

234 1992 394 2031 invento
430 1995 592 2034 nomine
623 1993 823 2036 Germani
856 2007 926 2036 vo-

235 2060 437 2097 curentur.

290 2122 327 2170 6,
347 2123 388 2162 3:
413 2126 564 2174 paucis
583 2126 747 2174 loricae,
773 2129 839 2167 vix
859 2129 931 2167 uni

236 2188 402 2228 alterive
432 2192 566 2230 cassis
596 2195 671 2231 aut
691 2193 830 2243 galea.

291 2254 327 2300 6,
343 2254 384 2293 6:
418 2256 561 2296 cedere
580 2257 683 2304 loco,
705 2258 926 2299 dummodo

237 2329 381 2359 rursus
411 2321 584 2369 insistes,
615 2324 777 2363 consilii
803 2334 927 2374 quam

230 2382 470 2433 formidinis
500 2387 764 2429 arbitrantur.

294 2518 329 2565 7,
365 2519 401 2556 1:
445 2517 577 2570 Reges
618 2531 667 2559 ex
707 2520 929 2567 nobilitate,

238 2585 364 2625 duces
396 2596 445 2625 ex
475 2587 618 2626 virtute
646 2589 819 2626 sumunt.

1231 1592 1324 1633 lust.
1348 1568 1443 1632 Χιι.

1048 1669 1061 1709 1
1096 1672 1132 1709 1:
1166 1669 1314 1709 Parthi
1436 1667 1679 1719 Scytharum

994 1734 1131 1774 exules
1130 1733 1261 1785 fuere.
1272 1734 1362 1773 Hoc
1369 1734 1490 1773 etiam
1497 1734 1679 1784 ipsorum

995 1798 1194 1839 vocabulo
1243 1798 1538 1850 manifestatur,
1585 1809 1680 1838 nam

995 1863 1184 1916 Scythico
1200 1875 1387 1905 sermone
1403 1864 1540 1904 exules
1558 1874 1681 1914 „par-

996 1930 1076 1970 thi“
1109 1930 1307 1970 dicuntur.

1052 2126 1080 2166 11
1121 2127 1184 2166 10:
1240 2127 1533 2166 Munimentum
1583 2126 1685 2176 ipsis

996 2194 1191 2243 equisque
1198 2193 1351 2232 loricae
1357 2192 1684 2242 plumataesunt.

1052 2258 1081 2297 11
1113 2260 1154 2297 7:
1202 2268 1329 2308 saepe
1376 2258 1497 2297 etiam
1533 2256 1682 2307 fugam

995 2324 1200 2369 simulant,
1242 2326 1287 2362 ut
1321 2324 1568 2363 incautiores
1605 2322 1685 2361 ad-

998 2399 1139 2429 versus
1202 2388 1368 2429 vulnera
1430 2389 1686 2439 insequentes

997 2455 1188 2495 habeant.

1054 2520 1082 2560 11
1119 2522 1154 2561 1:
1203 2520 1514 2562 Administratio
1551 2518 1687 2570 gentis

998 2598 1159 2637 semper
1169 2587 1246 2627 sub
1260 2587 1425 2638 regibus
1430 2585 1523 2637 fuit.
1539 2584 1687 2623 Proxi-
