1868 3093
166 314 303 344 mores
348 304 583 355 cultumque
626 315 769 344 eorum
811 305 1047 354 exponeret,
1089 301 1266 344 Carolus
1309 302 1606 355 Miillenhoffl)

166 380 259 408 cum
301 380 352 409 ex
392 370 525 421 ipsius
567 369 784 410 Posidonii
826 368 1086 408 historiarum
1128 368 1312 420 reliquiis
1348 369 1432 408 tum
1463 379 1514 408 ex
1545 368 1607 415 iis,

167 445 273 485 quae
314 436 426 487 apud
470 434 744 482 Plutarchum,
788 431 1045 482 Strabonem,
1090 432 1321 474 Diodorum
1364 434 1416 474 de
1458 434 1606 474 eadem

167 503 288 552 gente
319 501 588 552 proferuntur,
618 502 812 551 peracute
843 499 1022 551 collegit.
1079 499 1228 540 Verum
1260 510 1351 539 cum
1383 499 1607 539 nonnullae

167 577 274 617 quae
305 567 345 605 in
376 577 425 605 ea
455 577 496 606 re
517 566 731 606 versantur
750 563 969 605 Posidonii
990 565 1249 605 historiarum
1271 566 1409 615 partes
1430 564 1606 605 Diodori

169 631 375 670 beneficio
407 631 530 671 nobis
562 633 747 671 servatae
778 630 860 670 sint
894 628 936 681 (Ι.
957 630 990 670 V
1010 629 1203 683 24-40),
1245 640 1367 681 quam
1410 631 1607 670 rationem

169 696 234 735 ille
266 696 507 745 adhibuerit,
537 696 770 736 accuratius
800 696 895 735 licet
924 696 1156 736 ostendere.
1215 696 1295 735 lam
1322 706 1421 735 vero
1444 698 1487 735 ut
1516 696 1608 735 illas

169 762 494 809 consideremus,
536 762 587 802 de
630 760 764 802 Gallis
805 762 858 801 ita
899 762 1123 809 disseritur,
1165 763 1206 801 ut
1241 762 1432 801 heroicae
1463 761 1608 801 aetatis

170 828 366 866 memoria
390 827 510 866 altius
531 827 704 877 repetita
723 828 897 877 primum
920 825 1107 867 Galatiae
1129 828 1169 866 et
1190 825 1425 867 Galatarum
1457 836 1608 865 nomen

169 893 220 932 ab
252 892 440 933 Herculis
469 892 557 932 filio
579 892 751 932 ducatur
770 890 823 944 (V
841 891 925 945 24),
947 892 1098 933 deinde
1120 893 1172 932 de
1194 892 1317 933 variis
1338 892 1408 944 qui
1430 890 1608 933 Galliam

170 958 354 998 incolunt
382 958 576 1010 gentibus
607 960 646 998 et
670 969 840 997 numero
862 958 1099 1005 incolarum,
1130 969 1253 1008 porro
1286 958 1338 997 de
1367 960 1496 997 terrae
1527 957 1608 997 situ

170 1025 208 1063 et
238 1024 366 1072 caelo,
397 1024 448 1065 de
478 1023 719 1065 fluminibus
750 1028 790 1064 et
818 1024 963 1072 ventis,
1008 1024 1059 1064 de
1091 1024 1233 1075 inopia
1261 1023 1422 1076 frugum
1454 1025 1493 1064 et
1522 1023 1607 1063 auri

169 1090 368 1129 fertilitate
399 1093 628 1140 exponatur
658 1091 710 1141 (c.
730 1089 923 1141 25—27),
960 1090 1141 1139 denique
1177 1090 1362 1139 ipsorum
1394 1087 1608 1129 Gallorum

171 1154 333 1194 habitus
364 1157 403 1194 et
431 1156 615 1203 vestitus,
657 1156 791 1194 victus
833 1157 872 1193 et
913 1154 1057 1202 cultus,
1099 1155 1264 1206 ingenia
1305 1156 1344 1193 et
1382 1154 1609 1200 facultates,

172 1220 351 1259 instituta
392 1222 431 1259 et
471 1231 599 1267 sacra,
641 1220 835 1270 epulandi
879 1220 1141 1259 consuetudo
1183 1222 1221 1259 et
1263 1230 1364 1260 usus
1395 1219 1608 1271 pugnandi

172 1284 456 1324 describantur
499 1284 552 1336 (c.
583 1285 756 1333 27—32,
782 1284 837 1337 5).
909 1284 1039 1324 Paulo
1084 1285 1263 1324 strictius
1308 1285 1487 1335 quidem,
1532 1284 1608 1324 sed

172 1350 292 1389 simili
315 1351 441 1390 modo
464 1351 525 1398 iis,
557 1361 662 1401 quae
685 1353 922 1400 sequuntur,
950 1348 1144 1390 Celtiberi
1166 1351 1216 1399 (c.
1237 1349 1416 1401 33—38)
1439 1350 1609 1401 Ligures

172 1414 272 1466 (39),
292 1415 489 1466 Tyrrheni
507 1414 596 1466 (40)
616 1416 845 1454 tractantur.
904 1413 1069 1462 Quibus
1091 1415 1443 1465 descriptionibus
1469 1416 1609 1454 notatu

173 1480 341 1532 dignum
384 1483 447 1521 est
488 1480 602 1531 quod
645 1491 835 1533 magnam
878 1491 1009 1520 rerum
1055 1480 1299 1520 mirabilium
1329 1480 1410 1520 vim
1442 1481 1529 1520 sive
1561 1491 1612 1520 ex

173 1545 398 1584 incolarum
429 1547 511 1584 vita
541 1546 629 1584 sive
660 1555 711 1584 ex
752 1555 884 1584 rerum
927 1546 1069 1584 natura
1099 1546 1386 1585 arcessitarum
1430 1545 1612 1592 includit,

172 1608 296 1649 veluti
328 1609 380 1661 (V
400 1609 471 1662 26)
513 1610 721 1663 ingentem
762 1610 843 1650 vim
884 1612 1099 1650 ventorum
1142 1608 1318 1651 Galliam
1351 1610 1611 1661 perflantium

174 1676 354 1714 ostendit
395 1677 455 1714 sic
497 1675 727 1725 praefatus:
767 1673 870 1712 ’ίόιον
907 1674 951 1712 δέ
979 1689 1018 1712 τι
1046 1674 1113 1712 καὶ
1143 1674 1377 1726 παράδοξον
1407 1676 1613 1723 συμβαίνει

172 1739 273 1777 κατὰ
302 1739 372 1791 τὴν
403 1740 592 1791 πλείστην
622 1746 691 1791 τῆς
720 1740 928 1789 Γαλατίας,
960 1740 1056 1791 περὶ
1077 1736 1122 1777 οὗ
1143 1770 1151 1777 .
1173 1770 1180 1777 .
1202 1772 1209 1780 .
1231 1739 1345 1780 Aliae
1367 1751 1433 1780 reS
1454 1741 1612 1781 Similes

174 1806 323 1844 eodem
349 1806 475 1844 modo
506 1806 762 1855 proferunter
787 1805 821 1844 V
841 1806 905 1852 27,
925 1806 967 1853 4;
987 1805 1051 1852 31,
1072 1805 1114 1853 3;
1134 1805 1198 1852 33,
1218 1806 1260 1853 4;
1280 1805 1344 1852 34,
1364 1806 1399 1845 6.
1440 1805 1613 1845 Accedit

174 1869 371 1909 mirabilis
403 1870 619 1909 cuiusdam
648 1869 845 1909 facinoris
876 1870 1062 1917 narratio,
1094 1880 1216 1921 quam
1242 1881 1334 1910 cum
1356 1868 1611 1910 Posidonius

174 1935 363 1986 Ligurum
396 1935 663 1985 descriptioni
695 1935 933 1975 inclusisset
962 1934 1104 1986 (Diod.
1125 1935 1159 1975 V
1179 1935 1243 1983 39,
1262 1935 1318 1987 2),
1348 1934 1563 1975 Diodorus
1578 1934 1612 1987 ²)

174 2011 225 2040 ex
266 2011 397 2040 rerum
440 2002 634 2041 contextu
676 2002 907 2052 exemptam
949 2000 1174 2053 adiungere
1217 2001 1356 2041 maluit
1398 2000 1447 2041 1V
1482 2001 1546 2049 20,
1575 2001 1611 2041 2.

176 2066 265 2106 Hoc
296 2067 402 2106 enim
435 2066 529 2106 loco
559 2066 752 2106 feminam
795 2066 981 2117 Ligurem
1023 2067 1064 2117 in
1098 2067 1409 2118 agrocolendo
1439 2078 1612 2118 puerum

176 2132 391 2183 peperisse
422 2133 623 2183 partoque
654 2131 903 2172 abscondito
933 2132 973 2171 in
1014 2143 1140 2183 opere
1182 2143 1477 2182 perseverasse
1508 2131 1612 2172 Dio-

176 2198 302 2237 dorus
334 2200 628 2237 commemorat
657 2198 794 2237 verbis
824 2198 1066 2248 praemissis
1096 2198 1181 2237 his:
1211 2195 1314 2236 ἲὸιόν
1335 2211 1375 2235 τι
1394 2197 1461 2235 καὶ
1482 2199 1613 2250 παρά-

175 2262 292 2310 δοξον
322 2261 414 2300 καθ’
452 2262 555 2312 ἡμᾶς
569 2262 602 2314 ³)
632 2264 769 2313 συνέβη
800 2262 895 2311 περὶ
923 2264 1018 2310 μίαν
1048 2269 1215 2312 γυναῖκα
1245 2266 1446 2313 γενέσθαι.

285 2327 327 2368 Id
359 2328 478 2380 igitur
508 2329 682 2368 maxime
712 2328 752 2367 in
784 2327 1014 2368 Posidonio
1045 2328 1354 2370 observandum
1385 2331 1449 2370 est
1478 2340 1613 2380 eoque

287 2447 312 2489 ¹)
337 2447 358 2479 l.
382 2448 402 2480 l.
427 2447 461 2488 11,
486 2456 565 2489 pag.
594 2447 772 2481 162-189.

287 2502 312 2544 ²)
338 2501 428 2535 conf.
454 2500 492 2535 C.
517 2501 736 2543 Miillenhoif,
761 2502 780 2535 l.
805 2502 824 2535 l.
849 2501 883 2542 ll,
907 2510 988 2544 pag.
1011 2501 1087 2543 318,
1110 2502 1184 2536 319.

286 2557 312 2598 3)
338 2556 437 2590 Patet
459 2557 571 2590 verba
594 2565 679 2590 esse
703 2557 792 2590 haec
816 2565 888 2589 non
911 2555 1061 2590 Diodori
1085 2557 1153 2590 sed
1178 2556 1372 2599 Posidonii,
1397 2558 1530 2600 quippe
1555 2558 1615 2599 qui

176 2611 259 2644 illud
282 2611 419 2644 facinus
444 2611 489 2644 ab
513 2610 654 2653 hospite
683 2610 899 2644 Massiliensi
933 2618 974 2643 se
1010 2611 1233 2653 comperisse
1269 2611 1473 2653 profiteatur
1508 2612 1615 2654 (conf.

175 2666 212 2698 fr.
237 2665 294 2707 53)
303 2676 311 2705 ;
337 2666 434 2707 quod
459 2665 600 2698 maximi
623 2673 707 2699 esse
731 2665 896 2698 momenti
921 2664 1007 2698 infra
1030 2665 1182 2700 videbis.
