1868 3093
235 261 342 300 enim
385 260 493 300 XXII
523 261 634 308 31,8
676 271 759 300 non
803 261 1056 309 dictatorem,
1098 261 1139 300 id
1182 261 1297 312 quod
1339 262 1517 301 omnium
1551 270 1685 311 prope

235 325 410 364 annales
438 325 692 364 tradiderant
722 327 762 365 et
782 326 874 376 ipse
896 325 1007 365 haud
1038 326 1218 365 incertus
1249 325 1426 365 narravit
1446 323 1500 376 (8,
1520 324 1576 377 6),
1606 325 1683 365 sed

235 401 311 440 pro
343 390 543 429 dictatore
587 390 790 430 adversus
821 389 1096 430 Hannibalem
1128 390 1280 429 bellum
1326 390 1515 441 gessisse
1545 392 1685 429 monet

235 456 274 493 et
317 454 477 505 probat.
552 454 681 493 Etiam
726 455 860 506 magis
907 457 1041 494 autem
1087 455 1288 502 miramur,
1337 455 1383 502 si,
1434 464 1682 505 quamquam

235 530 413 558 errorem
464 520 662 571 cognovit
710 520 877 570 sibique
926 520 1210 560 adnotandum
1270 529 1366 559 esse
1426 518 1683 565 existimavit,

235 586 383 631 tamen,
414 594 521 635 quae
552 584 607 623 ita
631 584 819 633 correxit,
850 584 901 625 iis
933 584 1046 624 nullo
1076 586 1201 635 pacto
1232 584 1354 624 utitur
1369 583 1400 636 1)
1431 584 1508 624 sed
1539 584 1682 623 iterum

236 650 288 689 de
310 649 439 689 Fabio
461 651 504 689 ut
525 650 725 690 dictatore
748 652 882 690 narrat
901 649 1026 702 (XXll
1047 649 1131 702 34).
1191 648 1336 690 Potest
1364 650 1530 701 ambigi,
1552 651 1682 689 utrum

236 716 342 754 hanc
364 725 534 765 quoque
556 715 866 755 adnotationem
888 715 1000 765 apud
1017 715 1224 754 annalium
1243 715 1469 765 scriptores
1485 715 1685 753 invenerit

235 790 287 818 an
319 778 493 830 Augusti
524 781 712 830 tempore
742 780 814 819 viri
847 780 946 819 iuris
977 779 1156 819 consulti
1186 779 1302 819 titulo
1334 779 1405 819 illo
1436 779 1685 818 offenderint

237 844 459 894 Liviusque
490 854 669 883 errorem
700 845 959 883 adnotaverit
975 843 1019 895 ²).

346 917 541 959 Similiter
570 918 709 959 Livius
740 920 823 971 agit
854 919 903 959 lV
932 919 996 966 20,
1018 919 1164 966 5—11‚
1196 919 1265 958 ubi
1297 921 1520 970 postquam
1551 920 1681 959 victo-

236 985 335 1024 riam
367 995 390 1023 a
421 982 619 1024 Cornelio
651 982 793 1025 Cosso
824 996 934 1024 anno
964 985 1044 1024 317
1087 986 1334 1035 reportatam
1371 995 1466 1024 esse
1500 985 1684 1030 narravit,

236 1060 282 1090 se
329 1050 592 1100 comperisse>
632 1052 929 1089 commemorat
972 1049 1202 1102 Augustum
1252 1050 1292 1089 in
1341 1049 1508 1090 thorace
1558 1049 1683 1089 linteo

236 1115 433 1166 scriptum
468 1115 623 1166 legisse
646 1113 828 1155 Cossum
851 1115 1079 1163 consulem,
1110 1115 1151 1154 id
1183 1117 1246 1155 est
1267 1125 1377 1155 anno
1397 1115 1488 1163 327,
1519 1115 1683 1155 vicisse.

238 1178 369 1221 Cuius
411 1180 548 1220 variae
590 1181 812 1221 memoriae
855 1191 961 1231 quae
1005 1191 1132 1221 causa
1173 1181 1226 1221 sit
1269 1181 1492 1231 postquam
1536 1180 1685 1220 trustra

238 1246 432 1297 detegere
463 1245 630 1293 studuit,
673 1245 726 1284 ad
767 1244 942 1297 Augusti
985 1245 1229 1285 sententiam
1271 1244 1433 1285 videtur
1473 1245 1684 1285 accedere.

237 1311 325 1350 Nec
356 1312 493 1351 tamen
524 1311 601 1350 hac
624 1310 778 1358 notitia,
800 1321 922 1361 quam
953 1312 996 1350 ut
1026 1311 1224 1351 insereret
1254 1311 1399 1351 neseio
1429 1321 1481 1350 an
1503 1310 1684 1350 studium

237 1386 335 1426 erga
366 1375 598 1425 Augustum
636 1385 729 1413 eum
761 1375 976 1425 impulerit,
1019 1375 1204 1422 efficitur,
1246 1377 1288 1414 ut
1329 1376 1381 1414 ad
1424 1375 1684 1425 propositum

237 1450 429 1480 reversus
475 1439 559 1479 ullo
605 1440 733 1479 modo
779 1450 884 1490 quae
936 1440 1105 1492 collegit
1153 1440 1349 1491 respiciat
1396 1439 1449 1492 (c.
1492 1438 1685 1491 3'1—34),

237 1505 362 1544 immo
394 1515 505 1551 vero,
547 1505 666 1555 quasi
710 1504 861 1544 nullam
905 1505 1111 1544 eiusmodi
1155 1504 1442 1555 quaestionem
1474 1505 1685 1551 movisset,

239 1581 304 1611 res
335 1571 606 1622 insequentes
637 1573 780 1610 narrat.

348 1646 523 1686 Accedit
564 1657 715 1699 magna
756 1649 796 1686 et
838 1646 1067 1686 clarissima
1110 1656 1216 1697 quae
1258 1647 1298 1686 in
1341 1646 1445 1686 libro
1477 1646 1685 1687 XXXVlll.

237 1712 415 1752 occurrit
446 1712 666 1762 expositio.
725 1712 766 1751 ln
809 1723 893 1762 quo
935 1714 1158 1763 postquam
1190 1714 1357 1752 auctore
1390 1722 1491 1752 usus
1521 1711 1684 1752 Valerio

236 1777 397 1817 Antiate
429 1777 482 1816 de
514 1777 666 1816 celebri
689 1775 903 1827 Scipionis
924 1787 1053 1816 causa
1082 1777 1260 1827 protulit,
1291 1788 1324 1817 c.
1354 1777 1418 1825 55,
1438 1777 1464 1815 8
1495 1777 1684 1816 narrandi

237 1853 402 1882 cursum
434 1842 699 1892 interrumpit,
742 1844 783 1881 ut
824 1843 980 1893 argenti
1024 1844 1063 1881 et
1104 1842 1188 1881 auri
1231 1852 1416 1881 summas
1457 1852 1481 1880 a
1512 1852 1559 1881 se
1590 1842 1685 1892 ipso

237 1908 386 1947 relatas
429 1908 469 1946 in
512 1907 683 1946 dubium
726 1908 849 1946 vocet
890 1908 929 1946 et
959 1907 999 1945 in
1031 1917 1168 1945 errore
1199 1917 1271 1946 eas
1301 1907 1454 1946 versari
1486 1907 1685 1946 coniciat:

237 1972 398 2013 scilicet
439 1972 620 2012 maiores
661 1971 806 2012 Antias
847 1971 1014 2011 tradidit
1055 1982 1249 2020 summas,
1294 1982 1416 2022 quam
1448 1973 1490 2012 ut
1520 1971 1684 2012 silentio

237 2049 310 2077 eas
340 2039 581 2088 praetereat.
640 2036 787 2086 Neque
817 2038 953 2076 tamen
997 2037 1037 2075 id
1082 2037 1183 2076 satis
1214 2037 1348 2084 habet,
1379 2037 1466 2085 sed,
1499 2038 1613 2088 quod
1645 2038 1683 2076 in

238 2102 484 2142 narrationis
528 2100 611 2141 tine
656 2101 793 2142 tacere
837 2101 956 2151 solet,
1000 2101 1125 2143 multa
1167 2102 1219 2143 de
1264 2100 1478 2154 Scipionis
1520 2103 1603 2143 vita
1647 2105 1686 2143 et

239 2170 368 2206 morte
399 2168 451 2206 ab
482 2167 574 2206 aliis
605 2168 878 2217 scriptoribus
915 2170 1237 2207 commemorata
1271 2169 1337 2207 hic
1369 2169 1421 2207 ita
1451 2168 1613 2215 subicit,
1645 2171 1685 2207 ut

239 2242 527 2282 quaecumque
559 2234 600 2270 ut
630 2242 714 2271 non
745 2232 848 2272 satis
873 2232 1163 2272 convenientia
1184 2242 1277 2271 curn
1300 2231 1391 2281 illis,
1414 2242 1520 2283 quae
1542 2231 1685 2273 Antias

349 2394 375 2436 l)
400 2393 574 2428 Conferas
610 2395 702 2428 illum
739 2403 939 2435 excursum,
976 2395 1034 2436 qui
1071 2396 1126 2427 est
1162 2394 1207 2427 de
1233 2393 1344 2428 Gallis
1368 2394 1412 2435 (V
1434 2395 1488 2435 33,
1504 2395 1623 2435 4—35,
1639 2395 1684 2436 3),

237 2457 310 2489 quo
336 2457 428 2490 quae
453 2448 570 2483 effecit
593 2458 664 2482 non
690 2449 896 2491 impediunt,
933 2450 1016 2491 quin
1052 2449 1131 2491 ipse
1167 2458 1290 2483 secum
1326 2449 1541 2483 dissentiens
1578 2450 1684 2491 paulo

237 2504 321 2544 post
345 2503 411 2542 (37,
428 2504 463 2544 2)
488 2503 613 2537 Gallos
630 2504 856 2537 invisitatum
872 2505 981 2545 atque
998 2503 1201 2537 inauditum
1218 2504 1354 2537 hostem
1372 2504 1536 2546 appellet.
1561 2504 1686 2544 (Lach-

237 2565 398 2590 mannus.
424 2558 443 2589 l.
468 2559 487 2592 l.
513 2558 534 2598 l,
560 2567 639 2600 pag.
664 2558 731 2598 23.)

349 2613 372 2652 ²)
399 2612 491 2646 cont.
518 2612 600 2645 Enc.
626 2612 720 2648 Real.
747 2613 798 2645 Vl.
824 2613 889 2647 col.
918 2612 1011 2645 1818.
