1868 3093
809 177 1079 216 ,23-

978 283 1051 336 (6),
1080 284 1270 324 nationes
1295 282 1418 334 serae
1452 286 1492 323 et
1516 284 1666 333 populi

976 350 1159 401 ingentes
1180 350 1221 389 vi
1236 348 1407 395 subacti,
1440 347 1662 399 Carthago,

977 415 1140 456 aemula
1187 415 1330 465 impert
1375 413 1561 460 Romani,
1608 414 1662 453 ab

975 481 1102 531 stirpe
1140 480 1298 526 interiit,
1340 482 1485 519 cuncta
1528 480 1662 519 maria

975 548 1190 595 terraeque
1238 544 1452 595 patebant,
1503 545 1664 585 saevire

966 609 1141 661 fortuna
1171 613 1294 660 atque
1326 610 1495 649 miscere
1524 610 1661 649 omnia

939 678 942 727 l
975 676 1116 726 coepit.

223 291 383 340 χρονίου
404 288 447 327 δὲ
462 287 624 340 εἰρήνης
634 286 665 338 ¹)
681 287 907 336 γενομένης,

220 357 435 403 μετέπεσεν
466 352 506 392 ἐν
526 359 573 404 τῇ
596 348 730 402 Ῥώμῃ
760 349 806 389 τὸ
835 355 910 402 τῆς

221 419 397 472 ἀρχαίας
426 418 587 469 ἀγωγῆς
626 415 688 463 εἰς
717 414 908 467 ὀλέθριον

222 484 351 536 ζῆλον.

330 794 447 843 Quae
483 797 712 846 sequuntur
751 796 862 847 apud
904 794 1137 835 Diodorum
1180 795 1408 845 comparari
1452 796 1661 844 nequeunt

219 873 312 901 cum
354 862 416 909 iis,
457 871 564 912 quae
606 861 777 912 praebet
806 859 1037 909 Sallustius,
1078 871 1169 900 cum
1201 860 1267 900 hic
1297 860 1350 899 ad
1381 859 1660 907 ambitionem,

219 927 286 967 ille
317 927 370 966 ad
401 926 599 966 luxuriam
630 927 771 977 potius
811 926 1130 966 describendam
1161 925 1381 965 incumbat.
1438 924 1586 965 Verum
1617 925 1659 964 id

220 995 359 1033 notatu
389 992 549 1032 videtur
578 1002 674 1032 esse
705 992 886 1044 dignum,
928 992 1042 1042 quod
1084 993 1254 1042 uterque
1288 991 1340 1031 de
1370 991 1514 1031 virtute
1545 990 1660 1030 aliter

217 1061 301 1097 tum
342 1069 391 1097 ac
432 1058 547 1108 prius
582 1057 854 1097 existimatum
886 1067 981 1097 esse
1012 1057 1234 1108 praedicat.
1293 1054 1496 1096 Conferas
1528 1056 1658 1095 enim:

322 1165 445 1205 Diod.
475 1165 655 1205 XXXVII
685 1165 721 1212 3,
751 1166 798 1204 2;
935 1164 938 1222 ξ
1158 1163 1253 1205 Sall.
1286 1163 1371 1205 Cat.
1407 1165 1465 1203 12.

271 1243 482 1292 Μακάριος
523 1237 785 1291 δ’ὖπείληπτο
831 1239 902 1287 οὐχ
935 1225 937 1234 ἱ
1023 1239 1249 1290 Postquam
1298 1240 1464 1279 divinae
1510 1240 1660 1279 honori

216 1304 237 1343 ὁ
270 1312 363 1353 ταῖς
403 1305 568 1358 ἀρεταῖς
609 1307 902 1357 κεκοσμημένος
934 1321 936 1327 ’
970 1315 1060 1344 esse
1102 1315 1270 1356 coepere
1319 1307 1358 1344 et
1403 1315 1476 1345 eas
1516 1304 1655 1355 gloria

217 1372 291 1422 (7),
323 1369 410 1409 ἀλλ’
447 1369 467 1408 ὃ
508 1377 601 1417 ταῖς
630 1372 900 1422 προςηνεστά-
970 1371 1180 1420 imperium
1211 1371 1397 1420 potentia
1428 1370 1654 1420 sequeban-

215 1450 308 1483 ταις
340 1434 588 1486 ἡδοναῖς...
617 1433 900 1473 ἑπαπολαύων.
934 1424 936 1486 l
970 1438 1044 1482 tur,
1074 1434 1289 1475 hebescere
1323 1436 1449 1475 virtus
1479 1434 1553 1487 (7),

933 1488 936 1573 J
969 1502 1199 1541 innocentia
1241 1512 1321 1551 pro
1373 1501 1656 1541 malevolentia

933 1575 936 1618 ῃ
970 1566 1066 1605 duci
1093 1567 1234 1616 coepIt.

326 1674 459 1722 Quam
491 1678 577 1715 arto
608 1676 873 1727 cognationis
915 1675 1082 1715 vinculo
1124 1675 1249 1714 altera
1291 1686 1383 1714 cum
1425 1675 1551 1714 altera
1591 1675 1655 1714 di-

215 1740 432 1792 gressione
477 1741 749 1792 coniungatur
796 1740 876 1780 iam
925 1740 1021 1779 mihi
1070 1740 1216 1779 videor
1264 1740 1474 1779 docuisse.
1543 1738 1654 1787 Quid

214 1805 369 1857 igitur?
425 1805 585 1857 Nempe
627 1806 815 1857 cogimur
859 1805 1045 1845 confiteri
1082 1803 1320 1845 Sallustium
1363 1806 1402 1844 in
1447 1806 1653 1845 eiusmodi

214 1871 460 1910 excursibus
490 1871 753 1911 instituendis
783 1872 836 1910 ad
861 1870 1134 1911 Posidonium
1165 1882 1211 1911 se
1242 1871 1509 1922 applicuisse.
1567 1871 1654 1910 Hac

214 1937 347 1975 autem
391 1946 431 1975 re
474 1936 593 1975 etiam
636 1937 686 1976 iis
722 1936 831 1976 fides
863 1936 1113 1981 conciliatur,
1145 1946 1251 1987 quae
1283 1936 1335 1975 de
1366 1936 1556 1987 bipertita
1586 1936 1654 1975 illa

214 2001 480 2052 expositione
502 2000 608 2052 (Cat.
628 2001 692 2050 36,
712 2000 756 2052 4)
779 2002 968 2053 quamvis
996 2002 1081 2041 veri
1103 2001 1289 2042 similiter
1311 2003 1446 2041 tamen
1468 2002 1651 2041 conieci-

214 2077 305 2106 mus
335 2068 488 2106 tantum
511 2067 649 2115 modo,
671 2068 725 2107 ita
746 2069 788 2107 ut
812 2067 894 2107 illic
915 2078 1084 2118 quoque
1105 2065 1377 2107 Posidonium
1400 2067 1437 2106 ei
1458 2067 1651 2117 exemplo

211 2131 343 2171 fuisse
374 2142 482 2171 nunc
513 2133 704 2172 constare
733 2132 919 2171 videatur
933 2131 977 2182 ²).

323 2304 349 2343 1)
376 2303 551 2338 Conferas
581 2313 673 2347 quae
698 2304 852 2338 similiter
875 2304 920 2337 de
945 2304 1018 2337 otio
1035 2304 1240 2346 pernicioso
1265 2304 1426 2337 dicuntur
1449 2304 1519 2347 Ing.
1543 2305 1597 2345 41,
1613 2305 1649 2337 4:

210 2359 265 2392 Ita
289 2359 388 2401 quod
410 2359 446 2392 in
471 2359 642 2393 advorsis
676 2359 783 2394 rebus
808 2360 1022 2401 optaverant
1052 2358 1173 2400 otium,
1193 2359 1389 2402 postquam
1414 2359 1537 2401 adepti
1556 2361 1650 2399 sunt,

211 2414 376 2454 asperius
400 2413 636 2456 acerbiusque
652 2414 737 2457 fuit.

323 2489 350 2533 2)
375 2490 563 2533 Utramque
589 2491 850 2533 digressionem
875 2491 1004 2524 eodem
1034 2491 1198 2533 spectare
1222 2491 1279 2524 vel
1304 2490 1386 2525 inde
1411 2490 1649 2534 cognoscitur,

211 2545 309 2586 quod
334 2545 379 2578 ad
403 2545 550 2579 verbum
574 2545 648 2579 fere
684 2545 874 2579 concinunt
907 2544 982 2579 Cat.
1005 2545 1059 2585 36,
1082 2546 1119 2578 4:
1144 2569 1152 2577 .
1171 2570 1203 2579 ..
1229 2546 1339 2579 otiam
1363 2547 1470 2587 atque
1493 2545 1649 2584 divitiae,

210 2606 304 2639 quae
322 2599 443 2641 prtma
477 2599 649 2633 mortales
678 2601 818 2642 putant,
926 2600 961 2633 et
984 2599 1053 2641 lug.
1077 2600 1131 2639 41,
1159 2601 1190 2633 1:
1216 2628 1223 2635 .
1243 2626 1249 2632 .
1270 2626 1275 2631 .
1302 2600 1375 2633 otio
1399 2601 1506 2641 atque
1529 2600 1648 2633 abun-

209 2653 337 2688 dantia
360 2662 482 2688 earum
507 2663 634 2695 rerum,
659 2663 752 2696 quae
772 2654 891 2696 prima
914 2653 1084 2687 mortales
1111 2655 1255 2688 ducunt.
