1868 3093
196 333 293 373 litas
322 334 361 371 et
380 342 464 382 pro
493 331 698 371 modestia
734 341 784 370 ac
807 341 885 381 pa·
954 331 1109 370 iustitia
1139 341 1205 370 res
1227 330 1398 380 publica
1430 332 1561 377 crevit,
1582 362 1591 371 .
1607 363 1615 371 .
1631 362 1641 372 .

198 398 298 437 dore
327 395 495 435 ambitio
518 397 559 434 et
580 395 641 434 vis
661 394 885 441 incedebat,
953 395 1112 434 saevire
1150 393 1326 445 fortuna
1374 406 1423 434 ac
1473 397 1640 435 miscere

189 470 418 512 provenere
442 459 744 500 dominationes
764 491 772 499 .
793 491 801 499 .
822 491 831 499 .
954 459 1093 499 omnia
1123 459 1258 509 coepit
1285 489 1292 497 .
1314 491 1322 499 .
1343 491 1351 499 .

308 545 473 586 Deinde
504 544 725 587 Sallustius
756 546 955 586 luxuriam
997 548 1038 586 et
1077 546 1344 586 ambitionem
1377 549 1643 594 crescentem,

196 612 367 653 Tacitus
397 611 514 664 leges
544 611 914 663 percrebescentes
936 611 1119 652 ostendit
1148 612 1187 651 et
1216 612 1487 662 persequitur,
1517 611 1572 651 ita
1601 613 1643 650 ut

198 677 462 729 digressione
492 676 676 728 perfecta
706 678 875 728 uterque
906 677 960 716 ad
991 687 1075 716 rem
1107 678 1338 717 revertatur.

308 740 427 789 Quae
469 742 521 782 de
563 743 845 783 universarum
887 742 1024 794 legum
1066 742 1224 794 origine
1267 742 1334 782 hic
1365 741 1563 794 leguntur,
1594 752 1642 781 ea

197 810 405 858 tamquam
447 807 663 854 exordium
705 808 745 847 et
786 806 1054 847 fundamenta
1098 808 1193 847 sunt
1236 807 1421 847 brevium
1466 807 1640 846 duorum

198 883 457 920 excursuum,
479 872 632 923 quibus
654 873 706 912 de
728 872 904 924 singulis
926 872 1089 924 legibus
1111 873 1251 924 agitur.
1305 871 1492 920 Quorum
1513 872 1640 911 altero

197 936 230 990 (1
251 936 322 989 72)
353 936 469 989 leges
491 937 727 985 maiestatis,
758 947 863 989 quas
885 947 909 977 a
932 936 1100 977 Tiberio
1121 938 1218 977 tunc
1243 937 1426 977 redditas
1457 937 1640 988 populus

198 1014 320 1055 aegre
349 1002 435 1050 tert,
456 1014 480 1042 a
500 1003 709 1044 veteribus
730 1004 898 1054 quidem
921 1004 1165 1043 constitutas
1192 1004 1269 1043 sed
1299 1006 1435 1043 tamen
1466 1003 1639 1043 remisse

198 1068 512 1113 administratas,
554 1070 702 1119 postea
743 1068 796 1108 ab
837 1067 1025 1121 Augusto
1067 1069 1254 1117 intentas,
1295 1079 1320 1108 a
1354 1068 1523 1108 Tiberio
1555 1078 1638 1107 non

198 1133 333 1173 minus
364 1144 508 1173 severe
544 1135 746 1173 exercitas
788 1144 884 1174 esse
926 1135 1215 1184 comperimus.
1273 1133 1412 1173 Altero
1456 1133 1525 1185 (Vl
1561 1132 1638 1184 16),

198 1199 420 1248 postquam
451 1198 585 1250 legem
615 1198 831 1238 funebrem
868 1209 892 1237 a
922 1196 1103 1238 Caesare
1147 1198 1345 1238 dictatore
1388 1199 1523 1237 datam
1553 1200 1638 1237 tum

198 1272 370 1313 prorsus
415 1262 643 1313 neglectam
689 1273 785 1302 esse
829 1263 987 1310 rettulit,
1031 1263 1252 1303 nonnullas
1297 1263 1413 1314 leges
1457 1273 1638 1310 severas,

200 1327 352 1378 quibus
383 1328 562 1378 antiquis
593 1327 851 1378 temporibus
879 1327 1012 1375 fenus,
1033 1329 1151 1367 vetus
1182 1327 1295 1367 urbis
1327 1328 1489 1375 malum,
1520 1327 1637 1367 cohi-

198 1392 326 1432 bitum
358 1394 396 1432 et
425 1394 638 1443 postremo
669 1393 838 1431 omnino
875 1394 958 1431 erat
989 1393 1155 1432 vetitum
1198 1393 1352 1432 mitium
1394 1393 1637 1442 posterioris

199 1457 398 1508 temporis
428 1457 564 1509 legum
595 1457 751 1496 ratione
782 1468 866 1497 non
897 1457 1020 1497 ducta
1050 1459 1354 1497 commemorat.

308 1521 405 1561 Arta
423 1522 491 1561 his
513 1522 581 1572 qui
604 1522 641 1561 in
666 1522 830 1576 legibus
858 1525 1073 1562 versantur
1093 1523 1337 1562 excursibus
1368 1523 1637 1563 necessitudo

200 1588 415 1627 intercedit
456 1598 549 1626 cum
591 1587 800 1627 nonnullis
842 1587 945 1634 aliis,
987 1588 1056 1637 qui
1101 1589 1196 1627 sunt
1237 1588 1289 1626 de
1320 1588 1638 1639 magistratibus.

199 1651 385 1700 Quorum
418 1662 523 1703 quae
555 1652 769 1692 exordium
800 1654 841 1692 et
868 1654 1076 1703 tamquam
1109 1654 1232 1703 caput
1262 1652 1454 1692 habenda
1484 1654 1537 1693 sit
1566 1664 1639 1693 ex-

199 1718 353 1769 positio
385 1718 425 1757 in
456 1718 561 1768 ipsis
602 1718 770 1768 quidem
812 1718 1032 1758 annalibus
1074 1729 1157 1757 non
1198 1728 1243 1757 se
1275 1718 1404 1766 offert,
1434 1718 1510 1758 sed
1542 1730 1640 1769 pro-

199 1783 378 1822 oemium
409 1783 531 1823 huius
562 1783 703 1833 operis
733 1784 864 1823 vicem
896 1783 986 1823 eius
1016 1785 1225 1833 praestare
1257 1783 1399 1823 docuit
1429 1783 1468 1822 F.
1499 1783 1581 1823 Leo
1600 1783 1641 1833 1).

200 1847 333 1887 Huius
364 1848 472 1887 enim
502 1848 706 1898 prooemii
732 1850 846 1898 parte
876 1849 1007 1898 prima
1028 1849 1182 1898 quibus
1207 1849 1331 1888 variis
1362 1849 1418 1887 rei
1448 1848 1642 1898 publicae

197 1911 342 1952 formis
372 1912 425 1951 ab
456 1913 556 1952 urbe
588 1913 756 1952 condita
786 1923 919 1963 usque
947 1913 1000 1952 ad
1026 1912 1199 1965 Augusti
1221 1913 1437 1964 imperium
1468 1911 1641 1955 Romani

198 1977 263 2017 usi
305 1977 386 2017 sint
427 1977 673 2018 brevissime
715 1977 834 2018 refert
848 1976 882 2030 2)
924 1979 1047 2028 atque
1092 1979 1146 2017 ita
1187 1989 1435 2018 excursuum
1480 1978 1640 2017 illorum

198 2042 509 2082 fundamentum
540 2042 668 2093 ponit,
699 2043 863 2094 quibus,
906 2053 1210 2095 quemcumque
1242 2044 1520 2096 magistratum
1551 2054 1640 2082 mu-

197 2109 323 2148 tatum
365 2108 524 2156 rettulit,
566 2108 656 2149 eius
698 2108 899 2161 originem
946 2109 1100 2160 repetit.
1159 2106 1465 2149 Commemorat
1504 2110 1639 2148 autem

197 2173 367 2214 Tacitus
399 2175 451 2213 de
482 2174 641 2226 origine
671 2184 981 2226 progressuque
1011 2174 1292 2225 praefecturae
1323 2174 1437 2213 urbis
1468 2173 1535 2224 (Vl
1561 2173 1638 2224 ll),

199 2239 251 2279 de
282 2239 424 2278 aerarii
456 2250 553 2279 cura
582 2238 684 2291 (Xlll
704 2238 788 2291 29),
819 2240 871 2279 de
901 2241 1213 2289 procuratorum
1244 2240 1328 2278 iure
1360 2238 1447 2289 (Xll
1472 2238 1555 2290 60),
1586 2239 1637 2278 de

310 2357 335 2397 ¹)
359 2355 455 2390 Gott.
478 2356 605 2390 Nachr.
630 2358 674 2398 (a.
702 2356 800 2399 1896)
823 2365 903 2398 pag.
933 2356 1003 2389 191.

309 2411 334 2451 2)
357 2410 487 2443 Notatu
511 2410 655 2452 dignum
687 2410 834 2450 videtur,
870 2410 968 2451 quod
1002 2410 1155 2450 Tacitus,
1191 2411 1227 2442 ut
1250 2410 1471 2443 historiarum
1506 2418 1640 2451 prooe—

200 2464 307 2499 mium
331 2473 376 2498 ex
400 2463 553 2498 Sallustii
576 2464 797 2498 historiarum
821 2464 1007 2506 prooemio
1032 2463 1224 2497 imitatione
1248 2464 1435 2506 expressit,
1459 2464 1507 2498 ita
1530 2473 1641 2498 anna-

198 2519 280 2553 lium
297 2519 417 2562 primis
431 2518 568 2553 verbis:
596 2518 724 2553 Urbem
741 2517 891 2554 Romam
908 2527 932 2552 a
942 2518 1123 2560 principio
1148 2526 1249 2561 reges
1272 2517 1431 2552 habuere
1447 2543 1454 2550 .
1470 2545 1476 2552 .
1492 2544 1499 2550 .
1517 2522 1639 2561 aperte

198 2574 343 2616 respicit
365 2574 456 2608 illius
480 2582 572 2616 quae
595 2573 629 2607 in
653 2573 801 2607 Catilina
817 2573 1002 2615 prooemio
1019 2573 1248 2615 subsequitur
1270 2573 1505 2615 digressionis
1530 2575 1642 2608 verba

199 2628 303 2661 haec:
342 2628 471 2661 Urbem
507 2627 666 2668 Romam,
700 2627 809 2661 sicuti
842 2635 908 2669 ego
943 2627 1075 2669 accepi,
1111 2626 1304 2660 condidere
1338 2628 1447 2669 atque
1480 2627 1640 2662 habuere

199 2682 303 2716 initio
331 2682 482 2716 Troiani
504 2708 511 2715 .
530 2708 536 2715 .
556 2708 562 2715 .
588 2682 645 2725 (cf.
670 2680 836 2723 woltflin,
860 2681 894 2715 in
918 2680 1040 2715 Philol.
1065 2681 1124 2716 vol
1147 2681 1253 2715 XXVI
1270 2681 1315 2723 [a.
1337 2681 1433 2723 1867]
1451 2691 1533 2725 pag.
1554 2684 1641 2726 124).
