1868 3093
819 204 1089 244 -53-

234 330 257 359 a
288 319 443 358 ratione
476 315 643 354 Liviana
672 322 845 363 prorsus
874 313 1008 352 aliena
1039 314 1112 352 est.
1153 311 1379 364 Postquam
1410 314 1517 352 enim
1540 313 1672 353 Masi-

236 384 390 424 nissam
427 378 624 422 Romanis
665 377 916 418 subvenisse
957 378 1134 429 protulit,
1176 388 1258 428 qua
1292 379 1405 418 varia
1439 378 1602 418 fortuna
1637 379 1673 418 is

234 459 306 488 rex
345 447 385 486 in
427 443 653 484 amittendo
695 444 734 482 et
775 443 1060 493 recuperando
1101 454 1230 494 regno
1272 445 1445 493 paterno
1481 453 1584 483 usus
1621 443 1674 483 sit

235 511 411 562 copiose
450 510 490 548 et
524 508 713 548 accurate
750 507 921 559 exponit
955 506 1102 560 (ΧΧΙΧ
1130 508 1194 556 29,
1224 508 1370 554 5—33,
1405 508 1482 561 10).
1542 506 1674 549 Cuius

235 573 510 627 digressionis
541 573 744 613 licentiam
775 573 855 614 sibi
881 574 1163 613 excusandam
1188 584 1284 614 esse
1307 573 1445 614 Livius
1466 575 1673 614 existimat

234 640 372 680 verbis
402 638 646 690 praemissis
677 638 758 679 his:
797 636 982 679 Ceteram
1012 648 1102 679 cam
1131 638 1251 690 longe
1269 639 1474 679 maximas
1493 639 1672 679 omnium

234 706 383 746 aetatis
401 715 504 744 suae
525 715 663 754 regum
675 703 813 754 faerit,
836 704 1140 754 plurimamque
1163 715 1246 744 rem
1265 703 1497 747 Romanam
1518 705 1671 749 iuverit,

234 779 386 820 operae
406 769 584 819 pretium
613 768 772 808 videtur
800 768 993 809 excedere
1015 769 1189 819 paulam
1219 769 1279 809 ad
1305 769 1584 809 enarrandam
1605 800 1613 808 .
1634 800 1642 808 .
1663 799 1673 808 .

234 833 402 885 Quippe
433 834 587 873 maiore
618 834 739 873 huius
769 834 842 874 viri
874 833 1072 876 Romanis
1101 835 1210 874 adeo
1242 835 1370 875 dediti
1401 835 1671 874 admiratione

234 900 273 939 et
313 898 452 938 studio
493 897 568 938 fuit
607 898 800 946 imbutus,
842 909 964 949 quam
1000 900 1043 939 ut
1071 901 1302 950 temporum
1333 900 1424 939 eius
1453 899 1671 940 varietates

234 964 398 1003 silentio
428 964 675 1014 praeteriret,
704 974 810 1014 quas
831 963 1042 1006 Romanos
1073 964 1184 1003 haud
1214 964 1357 1015 iniquo
1388 965 1526 1004 animo
1551 964 1671 1004 audi-

232 1030 347 1069 turos
379 1038 475 1069 esse
506 1039 589 1068 non
617 1028 829 1081 ignoravit.

341 1093 556 1133 Terrarum
597 1094 862 1145 gentiumque
905 1095 1220 1145 descriptiones,
1263 1095 1409 1145 quales
1444 1096 1671 1145 scriptores

234 1157 422 1199 Graecos
459 1160 499 1198 et
529 1156 766 1199 Sallustium
799 1159 839 1198 in
871 1159 1034 1199 deliciis
1063 1160 1261 1200 habuisse
1292 1160 1484 1208 vidimus,
1519 1161 1571 1200 iis
1600 1160 1670 1211 qui

233 1225 546 1274 permanserunt
575 1224 689 1263 libris
720 1234 855 1274 neque
886 1235 909 1263 a
930 1235 975 1264 se
999 1225 1256 1275 compositas
1278 1236 1413 1275 neque
1435 1236 1486 1264 ex
1507 1224 1668 1276 Polybii

233 1289 415 1329 historiis
450 1289 668 1329 translatas
699 1288 836 1328 Livius
873 1289 1051 1329 inseruit.
1110 1288 1173 1330 De
1210 1290 1368 1330 urbium
1407 1290 1586 1341 quidem,
1628 1292 1670 1330 ut

234 1351 493 1405 Carthaginis
534 1353 678 1405 (XXVI
707 1355 772 1400 42,
814 1354 950 1405 7—9),
993 1353 1205 1394 Chalcidis
1246 1355 1424 1406 (XXVlll
1455 1357 1489 1402 7,
1529 1355 1667 1406 6—9),

233 1416 429 1459 Crotonis
459 1418 603 1470 (XXIV
622 1419 660 1465 3,
689 1418 822 1471 1-8)‚
851 1420 932 1459 situ
962 1430 1095 1470 pauca
1125 1420 1341 1467 adduntur,
1371 1420 1585 1471 complura
1614 1420 1666 1460 de

233 1483 437 1534 Emporiis
479 1486 518 1523 et
558 1485 627 1533 qui
669 1494 742 1523 eas
782 1484 967 1523 incolunt
1007 1483 1191 1535 (XXXIV
1230 1484 1291 1532 9);
1335 1485 1412 1524 sed
1455 1486 1558 1524 haec
1599 1487 1667 1523 aut

232 1547 397 1588 brevius
438 1548 634 1588 adnotata
674 1550 743 1589 aut
782 1548 835 1588 ad
877 1558 943 1589 res
985 1549 1166 1589 narratas
1207 1548 1473 1589 illustrandas
1513 1548 1667 1589 idonea

232 1615 337 1654 sunt.
393 1614 539 1665 Neque
579 1625 679 1654 vero
721 1614 773 1654 de
814 1615 1009 1655 omnibus
1051 1615 1120 1665 qui
1162 1615 1368 1665 perierunt
1408 1614 1523 1654 libris
1557 1615 1665 1655 idem

232 1679 493 1719 statuendum
515 1681 588 1728 est,
610 1680 766 1731 quippe
788 1690 962 1731 quorum
984 1679 1169 1720 nonnulli
1192 1680 1372 1732 gentium
1388 1681 1667 1731 terrarumque

233 1745 584 1796 descriptionibus
620 1756 703 1785 non
739 1746 951 1785 caruerint.
1009 1746 1172 1785 Librum
1203 1746 1311 1785 enim
1343 1745 1442 1786 XVI.
1472 1746 1668 1796 originem

234 1808 632 1861 Carthaginiensium
676 1813 717 1850 et
748 1810 980 1861 primordia
1020 1810 1134 1851 urbis
1173 1821 1323 1857 eoram,
1368 1810 1515 1850 librum
1557 1808 1669 1851 Cllll.

230 1876 352 1915 situm
374 1874 622 1915 Germaniae
641 1886 865 1926 moresque,
896 1874 990 1915 CIlI.
1009 1877 1130 1915 sitam
1153 1874 1384 1915 Galliarum
1410 1876 1668 1915 continuisse

232 1940 454 1991 periochae
486 1940 649 1980 docent.
688 1939 903 1981 Praeterea
928 1941 980 1980 de
1001 1939 1233 1980 Britanniae
1255 1940 1335 1980 situ
1357 1939 1510 1980 Livium
1534 1940 1668 1991 scrip-

232 2006 341 2046 sisse
372 2016 395 2045 a
415 2005 561 2046 Tacito
583 2007 861 2057 comperimus
881 2005 972 2057 Agr.
999 2005 1057 2053 10,
1077 2005 1114 2045 3.
1153 2005 1354 2046 Accurate
1385 2006 1505 2058 igitur
1526 2007 1669 2045 contra

233 2081 387 2111 morem
418 2072 459 2110 et
488 2071 842 2119 consuetudinem,
873 2071 1017 2110 nescio
1048 2081 1099 2110 an
1131 2073 1268 2111 motus
1295 2081 1346 2111 eo
1369 2081 1492 2122 quem
1512 2070 1668 2110 fontem

232 2137 419 2177 adhibuit
459 2137 671 2187 scriptore,
716 2137 767 2176 de
811 2136 891 2176 illis
933 2136 1126 2187 gentibus
1168 2136 1249 2176 sibi
1292 2137 1528 2176 docendum
1572 2146 1668 2176 esse

233 2202 546 2249 existimaverat,
576 2211 682 2252 quae
713 2202 753 2240 in
784 2202 927 2252 primis
948 2200 1226 2243 Romanorum
1257 2202 1406 2242 oculos
1431 2203 1471 2241 in
1496 2211 1543 2241 se
1565 2211 1669 2240 con-

231 2268 443 2307 verterant.

342 2331 376 2371 A
417 2332 768 2383 disputationibus
809 2343 892 2371 rem
935 2331 1147 2372 militarem
1190 2332 1476 2383 spectantibus
1512 2331 1667 2370 Livium

231 2396 315 2437 fere
345 2397 600 2438 abstinuisse
631 2400 771 2438 notum
802 2399 875 2438 est.
932 2395 995 2437 De
1026 2407 1105 2437 suo
1135 2408 1249 2445 sane,
1279 2408 1361 2447 qua
1390 2396 1464 2436 fuit
1484 2397 1538 2436 rei
1561 2395 1667 2436 mili-

232 2462 329 2502 taris
381 2462 593 2513 imperitia,
650 2463 784 2503 nullas
832 2473 924 2502 eum
975 2462 1288 2513 interposuisse
1348 2472 1430 2501 non
1486 2463 1550 2501 est
1597 2471 1669 2500 cur

233 2527 433 2567 miremur.
491 2525 575 2568 Sed
607 2539 658 2568 ne
688 2539 738 2568 ea
758 2528 937 2579 quidem,
967 2538 1074 2578 quae
1095 2527 1332 2568 huiusmodi
1354 2527 1406 2567 ab
1428 2525 1668 2567 auctoribus

233 2592 373 2632 addita
402 2593 566 2642 invenit,
595 2593 810 2644 suscipere
839 2593 968 2632 voluit
997 2593 1075 2633 nisi
1107 2603 1213 2644 quae
1238 2593 1279 2632 in
1300 2592 1442 2643 primis
1463 2602 1669 2631 memora-

234 2657 332 2699 bilia
355 2658 420 2699 vel
446 2657 659 2701 Romanos
688 2659 798 2700 haud
820 2659 963 2710 iniquo
988 2659 1126 2699 animo
1151 2658 1363 2699 audituros
1384 2667 1481 2699 esse
1502 2658 1669 2709 putavit.
