1868 3093
925 195 972 233 12

220 295 420 337 Catilinae
464 299 622 351 origine
670 301 859 351 corporis
903 301 1144 355 ingeniique
1176 301 1441 345 facultatibus
1483 305 1668 346 moribus

219 363 456 412 depravatis
494 365 686 405 audimus
725 366 943 414 dicentem,
981 368 1035 407 ita
1065 369 1118 408 ab
1150 368 1220 409 illo
1252 370 1304 410 de
1333 369 1512 418 Viriathi,
1544 372 1668 422 quem

219 428 400 468 Lusitani
424 429 573 470 ducem
597 432 740 471 contra
761 430 974 474 Romanos
993 434 1125 474 secuti
1144 438 1249 485 sunt,
1271 436 1429 488 origine
1447 435 1666 485 iuventute,

219 494 368 534 robore
413 495 570 544 duritia,
613 496 710 536 belli
754 508 831 537 usu
874 498 1027 539 iustitia
1071 499 1280 541 docemur.
1339 500 1423 543 Sed
1467 502 1663 553 quoniam

218 561 423 611 exemplis
445 562 559 612 quod
582 562 666 601 dixi
689 563 867 613 probare
889 564 1011 612 iuvat,
1033 574 1140 615 quae
1158 566 1210 605 ab
1227 568 1402 617 utroque
1417 567 1667 618 praebentur

217 636 487 676 componam:

423 712 517 753 Sall.
549 712 635 754 Cat.
666 716 701 754 5.

269 800 310 839 L.
354 800 546 850 Catilina,
590 801 720 841 nobili
755 813 907 853 genere
940 846 941 852 ¹

213 869 347 913 natus,
361 866 447 917 suit
471 877 624 918 magna
650 869 690 907 vi
712 870 751 908 et
781 870 909 908 animi
940 899 941 927 3

214 934 254 970 et
283 933 470 981 corporis
499 933 576 972 sed
604 934 765 983 ingenio
795 935 905 973 malo
940 932 941 974 ἰ

207 1006 434 1047 pravoque.
451 997 543 1036 huic
557 997 610 1037 ab
625 998 906 1039 adulescentia

213 1062 320 1101 bella
334 1063 536 1108 intestina,
555 1064 705 1102 caedes
720 1065 903 1113 rapinae,

213 1127 424 1166 discordia
460 1128 588 1167 civilis
618 1131 746 1179 grata
774 1128 903 1180 fuere,

212 1192 348 1243 ibique
379 1195 620 1234 iuventutem
650 1206 769 1235 saam
792 1207 903 1236 exer-

212 1259 295 1296 cuit
323 1257 396 1309 (I).

265 1398 415 1437 corpas
443 1389 612 1437 patiens
648 1390 810 1429 inediae
840 1392 902 1430 al-

203 1453 322 1503 goris
344 1453 506 1504 vigiliae
524 1465 654 1504 sapra
675 1466 799 1505 qaam
820 1457 900 1496 cai—

208 1528 332 1567 qaam
353 1518 545 1558 credibile
559 1523 619 1558 est
635 1519 708 1571 (2).
739 1522 901 1560 animas

208 1582 351 1623 audax
380 1583 581 1624 subdolas
605 1585 754 1632 varias,
785 1587 900 1626 cuias
932 1590 934 1621 ἓ

207 1649 268 1687 rei
309 1649 420 1688 labet
460 1651 677 1690 simulator
721 1663 770 1691 ac
812 1653 897 1691 dis-

206 1714 433 1761 simulator,
466 1716 590 1754 alieni
618 1717 816 1765 adpetens
835 1719 902 1756 sai
932 1727 933 1756 ;

202 1777 414 1829 profusas,
437 1780 590 1819 ardens
610 1781 650 1820 in
667 1781 898 1832 cupiditati·
932 1818 934 1836 ;

206 1843 303 1890 bas‚·
322 1846 428 1883 satis
449 1845 713 1894 eloquentiae!
735 1849 897 1896 sapien-

206 1910 288 1948 tiae
299 1919 461 1959 param.
493 1914 635 1950 vastas
652 1911 813 1951 animas
834 1913 896 1951 in-
931 1915 933 1934 '

204 1975 422 2014 moderata
472 1976 728 2016 incredibilia
776 1979 895 2017 nimis
929 1990 930 2015 i

204 2039 291 2079 alta
321 2051 482 2090 semper
511 2041 710 2088 capiebat.

1103 717 1228 757 Diod.
1258 719 1418 759 XXXIII
1454 722 1485 765 1,
1505 723 1542 760 2.

1027 797 1101 843 ἶΗν
1122 804 1192 854 μὲν
1219 802 1285 844 οὖν
1314 803 1435 853 οὗτος
1455 814 1533 845 τῶν
1554 809 1670 859 παρὰ

975 869 1042 908 τὸν
1073 868 1260 909 Ὠκεανὸν
1292 871 1510 911 οἰκούντων
1551 877 1669 912 Λυσι-

974 942 1115 983 τανῶν,
1147 939 1375 985 ποιμαίνων
1406 936 1486 976 δ’ἐκ
1518 938 1670 984 παιδὸς

975 998 1093 1051 ὀρείῳ
1113 1003 1187 1051 βίῳ
1208 1004 1375 1054 κατέστη
1396 1005 1578 1056 συνήθης
1592 1003 1666 1057 (l),

973 1066 1158 1116 συνεργὸν
1201 1066 1301 1114 ἔχων
1353 1069 1418 1105 καὶ
1475 1069 1544 1119 τὴν
1597 1077 1668 1107 τοῦ

972 1132 1161 1180 σώματος
1182 1134 1311 1183 φύσιν·
1338 1133 1405 1171 καὶ
1443 1134 1517 1186 γὰρ
1554 1132 1666 1186 ῥώμῃ

972 1197 1038 1234 καὶ
1069 1199 1181 1245 τάχει
1210 1199 1277 1236 καὶ
1309 1207 1354 1250 τῇ
1398 1207 1475 1238 τῶν
1510 1201 1665 1238 λοιπῶν

937 1277 938 1280 ’
971 1269 1103 1312 μερῶν
1134 1262 1335 1315 εὐκινησία
1360 1265 1470 1302 πολὺ
1488 1264 1665 1316 διήνεγκε

937 1333 939 1335 ’
972 1335 1050 1365 τῶν
1080 1325 1257 1380 Ἰβήρων.

1026 1395 1245 1439 σι’νεθίσας
1291 1393 1333 1431 δὲ
1374 1393 1493 1432 αὑτὸν
1534 1402 1664 1446 τροφῇ

935 1470 937 1492 ι
969 1457 1040 1506 μὲν
1055 1456 1179 1509 ὀλίγῃ,
1190 1461 1423 1509 γυμνασίοις
1437 1459 1478 1497 δὲ
1492 1460 1665 1506 πολλοῖς

969 1525 1145 1574 χρῆσθαι
1172 1524 1239 1560 καὶ.
1266 1523 1378 1573 ὕπνῳ
1403 1527 1521 1575 μέχρι
1539 1526 1663 1573 μόνου

968 1594 1039 1625 τοῦ
1069 1587 1287 1640 ἀναγκαίου
1313 1589 1385 1641 (2),
1417 1590 1599 1629 καθόλου
1622 1589 1664 1629 δὲ

966 1653 1246 1706 σιδηροφορων
1268 1662 1443 1703 συνεχῶς
1463 1656 1530 1693 καὶ
1545 1658 1663 1708 θηρί-

968 1733 1031 1764 οις
1052 1720 1117 1756 καὶ
1139 1720 1306 1770 λῃσταῖς
1327 1719 1388 1766 εἰς
1409 1720 1570 1770 ἀγῶνας
1590 1736 1662 1758 κα-

971 1785 1226 1834 θιστάμενος,
1249 1786 1492 1837 περιβόητος
1509 1784 1661 1837 ἐγένετο

967 1849 1081 1898 παρὰ
1108 1856 1196 1894 τοῖς
1224 1850 1420 1901 ῖτλήθησι,
1450 1853 1516 1888 καὶ
1617 1852 1661 1889 οἵ·

964 1913 1086 1962 μόνον
1110 1912 1414 1967 ἐθαυμαστώθη
1447 1913 1500 1954 δι’
1525 1916 1659 1968 ἀλκὴν,

966 1978 1068 2016 ἀλλὰ
1088 1981 1152 2016 καὶ
1182 1988 1415 2032 στρατηγεῖν
1443 1980 1555 2029 ἔδοξε
1577 1982 1660 2026 δια-

964 2045 1182 2094 φερόντως.
1217 2042 1260 2095 ἧν
1286 2045 1412 2084 δὲκαὶ
1437 2046 1595 2093 ὅίκαιος
1620 2046 1659 2085 ἐν

962 2114 1054 2154 ταῖς
1071 2108 1285 2158 διανομαῖς
1301 2118 1378 2149 τῶν
1395 2111 1586 2162 λαφύρων
1609 2143 1615 2151 .
1630 2144 1636 2152 .
1652 2144 1659 2151 .

317 2192 377 2230 Ex
404 2193 591 2231 eiusdem
614 2195 780 2244 generis
802 2195 1085 2246 descriptione
1106 2197 1313 2237 fluxerunt
1334 2209 1442 2248 quae
1463 2199 1611 2239 XXXV
1633 2201 1658 2240 5

205 2256 256 2295 de
288 2255 441 2295 Tiberii
481 2255 659 2297 Gracchi
697 2269 859 2299 summo
892 2271 1043 2312 genere
1083 2262 1163 2300 nati
1196 2263 1460 2314 ingenueque
1491 2265 1656 2305 educati

204 2321 422 2371 prudentia
459 2322 698 2374 eloquentia
736 2325 875 2377 lingua
906 2326 1034 2366 libera
1066 2328 1357 2377 comperimus.
1415 2329 1545 2370 Porro
1576 2332 1656 2371 huc

205 2386 409 2434 pertinent
450 2398 556 2437 quae
588 2388 769 2428 XXXVII
811 2390 902 2437 lO,l
952 2391 1003 2429 de
1041 2391 1096 2429 M.
1134 2391 1233 2431 Livii
1266 2391 1389 2433 Drusi
1428 2396 1587 2446 origine
1618 2398 1658 2435 et

205 2450 368 2498 divitiis,
401 2453 638 2503 eloquentia
671 2456 710 2493 et
740 2455 989 2495 humanitate
1021 2456 1290 2505 proferuntur.
1344 2455 1493 2499 Verum
1516 2460 1654 2510 ipsum

204 2513 435 2555 Diodorum
468 2518 707 2558 audiamus:
745 2521 909 2570 Μάρκος
938 2521 1078 2569 Λίβιος
1114 2525 1291 2572 Δροῦσος
1328 2520 1426 2574 ἀνὴρ
1466 2526 1551 2570 νέος
1584 2524 1655 2573 μὲν

205 2572 249 2631 ἧν
280 2579 350 2631 τῂν
374 2580 549 2631 ἡλικίαν,
581 2582 873 2636 κεκοσμημένος
903 2583 944 2623 δὲ
976 2589 1078 2624 πᾶσι
1110 2593 1193 2633 τοῖς
1225 2590 1454 2640 πρωτείοις.
1496 2590 1656 2643 πατρός

201 2659 243 2682 τε
274 2646 348 2695 γὰρ
383 2642 425 2695 ἦν
458 2646 781 2698 {frumistamma
812 2653 878 2688 και
900 2652 1013 2702 παρὰ
1044 2659 1128 2698 τοῖς
1159 2654 1348 2699 πολίταις
1378 2652 1431 2692 δι)
1453 2654 1654 2706 εὐγένειαν
