1868 3093
779 209 1050 247 *27-

195 314 236 352 et
263 315 476 365 pugnandi
507 317 810 356 consuetudine
840 315 923 367 (39,
942 316 986 363 6;
1014 316 1079 364 40,
1099 317 1142 364 4;
1172 316 1237 364 29,
1262 316 1313 367 1),
1354 317 1406 356 de
1439 317 1635 356 domibus

195 378 351 417 ornatis
381 370 433 430 (V
452 380 516 428 39,
540 381 581 428 5;
609 380 674 428 40,
693 380 739 432 4)
770 382 810 420 et
839 380 891 420 de
913 380 1192 431 hospitalitate
1219 379 1273 432 (V
1292 380 1356 428 34,
1383 380 1431 432 l),
1453 381 1505 420 de
1526 381 1635 420 victu

194 444 235 483 et
255 444 430 485 cenandi
452 456 565 485 more
587 444 640 496 (V
659 445 723 494 28,
746 445 790 493 4;
809 445 874 493 34,
895 446 937 493 2;
957 445 1021 493 39,
1040 446 1084 494 4;
1112 446 1177 494 40,
1198 445 1255 496 3).
1314 444 1490 486 Additur
1510 446 1634 485 mirae

195 508 411 548 cuiusdam
442 511 497 548 rei
529 511 718 556 narratio,
748 511 867 549 cuius
909 511 962 549 ita
991 510 1037 549 fit
1066 511 1222 549 initium
1254 509 1335 561 (22,
1356 509 1418 562 3):
1457 508 1562 547 ἴδιον
1594 509 1639 547 δέ

194 587 234 610 τι
265 574 469 622 συμβαίνει
498 573 595 624 περὶ
624 574 696 619 τὰς
724 575 866 626 νήσους
894 606 902 614 .
924 607 931 614 .
953 606 961 614 .

304 637 400 677 Arta
441 649 548 688 quae
589 639 654 678 his
685 639 791 678 locis
821 641 885 679 est
926 640 1195 679 necessitudo
1238 651 1330 679 curn
1367 637 1528 679 Galliae
1560 640 1635 678 de—

194 703 419 754 scriptione
450 705 654 755 quatenus
684 704 778 744 huic
821 715 913 745 cum
954 704 1125 756 reliquis
1167 715 1335 756 quoque
1366 704 1552 756 partibus
1584 703 1636 756 (V

193 769 401 817 7—13,2;
435 769 610 821 15-20)
641 770 868 809 intercedat
897 781 980 809 non
1011 770 1189 809 alienum
1211 772 1312 820 puto
1334 771 1559 820 exquirere,
1580 771 1635 808 ita

193 835 237 872 ut
266 834 344 874 nisi
375 844 482 885 quae
513 835 694 874 eminent
723 837 763 874 et
792 836 955 875 exstant
984 845 1068 874 non
1099 845 1350 886 expromam.

303 897 516 939 Sardiniae
547 900 710 940 incolae
751 900 804 939 ab
846 900 1023 940 Hercule
1054 902 1149 940 sunt
1179 900 1353 948 oriundi,
1384 900 1549 950 apellati
1581 900 1633 939 ab

193 962 302 1010 Iolai,
332 965 497 1014 nepotis
528 965 628 1012 eius,
659 965 825 1005 nomine
857 964 939 1017 (15,
958 964 1021 1018 2);
1062 965 1171 1005 idem
1215 965 1362 1005 dicitur
1404 965 1456 1004 de
1500 962 1633 1005 Gallis

192 1027 276 1080 (24,
300 1028 355 1080 2).
395 1052 448 1057 —-
489 1029 669 1070 Piscium
711 1031 927 1071 multitudo
968 1032 1229 1082 praedicatur
1277 1031 1358 1081 (10,
1384 1031 1425 1079 3;
1478 1031 1535 1078 19,
1572 1030 1634 1088 4);

194 1093 387 1133 conferas
407 1092 503 1134 Pos.
523 1094 567 1133 fr.
593 1095 651 1134 10.
673 1118 722 1122 —
744 1095 958 1135 Balearum
990 1096 1151 1136 incolae
1182 1097 1317 1136 vinosi
1343 1097 1425 1135 vini
1448 1096 1631 1147 inopiam

193 1170 315 1211 aegre
356 1159 498 1208 ferunt,
540 1160 675 1200 oleum
717 1161 797 1201 sibi
838 1163 983 1212 parant
1017 1161 1179 1214 (17,2);
1210 1162 1319 1201 idem
1351 1162 1631 1212 comperimus

193 1226 246 1264 de
278 1223 410 1265 Gallis
442 1223 522 1275 (26,
542 1224 597 1276 2).
629 1248 678 1252 —
709 1225 767 1264 llli
810 1227 924 1265 urina
965 1227 1089 1276 adipe
1130 1227 1254 1266 suillo
1299 1227 1424 1265 mixta
1454 1231 1632 1276 corpora

193 1290 351 1341 ungunt
391 1288 472 1341 (17,
503 1288 564 1341 2);
606 1287 799 1330 Celtiberi
840 1291 955 1329 urina
997 1301 1150 1341 corpus
1193 1293 1232 1330 et
1274 1291 1420 1330 dentes
1462 1290 1634 1329 abluunt

193 1354 274 1404 (33,
295 1353 351 1406 5).
379 1377 433 1382 -
461 1354 683 1406 Argentum
714 1357 754 1395 et
778 1366 919 1394 aurum
941 1358 1141 1406 spernunt
1165 1354 1247 1406 (17,
1267 1354 1311 1407 4)
1320 1368 1330 1403 ;
1351 1356 1463 1406 apud
1485 1353 1632 1395 Gallos

192 1423 232 1460 et
261 1420 334 1460 viri
365 1422 404 1460 et
434 1420 625 1460 mulieres
647 1422 833 1460 ornatum
855 1431 1021 1461 aureum
1052 1422 1091 1460 in
1119 1421 1281 1461 deliciis
1302 1421 1456 1461 habent
1476 1421 1558 1473 (27,
1578 1420 1634 1472 3).

194 1510 243 1513 -
285 1485 446 1526 Domus
488 1488 655 1526 ornatae
686 1489 1058 1526 commemorantur
1087 1486 1231 1538 (12,2;
1277 1487 1335 1534 19,
1359 1486 1420 1538 2);
1462 1487 1634 1526 eaedem

191 1552 255 1600 39,
275 1552 317 1599 5;
345 1552 410 1599 40,
429 1552 465 1590 4.
497 1574 548 1579 -
579 1551 620 1591 In
662 1552 798 1591 insula
839 1552 959 1591 beata
1001 1552 1114 1591 multi
1144 1552 1281 1592 fontes
1313 1552 1448 1591 dulcis
1479 1562 1635 1602 aquae;

192 1628 216 1657 a
245 1616 434 1657 Diodoro
465 1616 629 1656 XXXVI
659 1617 695 1661 7,
717 1619 739 1654 3
771 1617 1031 1667 praedicatur
1062 1614 1219 1654 ὑδάτων
1240 1616 1405 1668 πλῆθος
1425 1615 1633 1668 διαφόρων

190 1682 410 1733 γλυκύτητι.
441 1704 492 1709 —-
522 1681 733 1722 Aethaliae
764 1682 926 1722 incolae
956 1682 1104 1721 ferrum
1136 1684 1219 1722 arte
1247 1682 1448 1733 effingunt
1468 1681 1550 1733 (13,
1577 1681 1632 1733 l);

192 1745 300 1788 Galli
346 1749 585 1787 ornamenta
629 1749 669 1787 et
710 1748 902 1787 thoraces
946 1758 998 1787 ex
1041 1758 1141 1787 auro
1185 1747 1340 1787 faciunt
1385 1746 1466 1798 (27,
1487 1747 1542 1798 3).
1588 1770 1629 1774 —

191 1813 359 1852 Melitae
408 1812 569 1852 incolae
618 1813 726 1851 artes
775 1811 917 1851 colunt
964 1811 1046 1863 (12,
1078 1811 1139 1864 2);
1187 1812 1385 1863 Tyrrheni
1431 1812 1634 1852 literarum

191 1878 343 1917 studiis
374 1879 470 1917 sunt
500 1877 626 1917 dediti
658 1876 739 1929 (40,
759 1876 814 1929 2).
854 1900 897 1904 —
939 1876 1173 1917 Phoenices
1204 1878 1452 1917 inducuntur
1481 1876 1563 1929 (12,
1593 1877 1635 1924 3;

190 1943 258 1990 20,
285 1941 342 1995 l);
372 1943 481 1983 idem
513 1943 885 1982 commemorantur
912 1943 976 1990 35,
996 1943 1032 1982 4.

303 2008 450 2051 Rerum
493 2009 681 2048 mirarum
723 2008 977 2048 narrationes
1012 2009 1270 2049 subiciuntur
1299 2009 1416 2056 duae,
1461 2019 1631 2059 quarum

190 2075 317 2114 altera
347 2076 410 2114 est
440 2074 492 2113 de
522 2073 752 2124 nuptiarum
795 2074 870 2113 ritu
912 2072 993 2124 (18,
1019 2075 1055 2121 1;
1097 2073 1203 2113 conf.
1245 2074 1452 2113 simillima
1482 2073 1532 2113 IV
1561 2074 1633 2120 2Ο;

190 2140 309 2188 V32,
329 2138 385 2191 7),
426 2139 551 2179 altera
592 2139 644 2178 de
685 2149 798 2179 more
838 2138 1025 2178 funerum
1056 2137 1199 2190 (18,2;
1242 2139 1390 2178 eodem
1427 2139 1631 2189 pertinent

190 2216 299 2255 quae
330 2206 383 2244 de
413 2205 604 2255 epistulis
633 2205 674 2243 in
703 2204 869 2244 tumulis
899 2203 1159 2243 inflammatis
1190 2204 1379 2254 leguntur
1407 2203 1471 2250 28,
1491 2202 1547 2255 6).

301 2269 481 2310 Possum
511 2270 628 2321 plura
658 2269 864 2317 exhibere,
894 2269 970 2309 sed
1001 2279 1172 2320 prorsus
1202 2267 1415 2308 sufficiunt
1443 2269 1547 2308 haec
1577 2269 1631 2308 ad

190 2346 276 2375 rem
308 2335 594 2374 iudicandam:
636 2345 785 2385 nempe
821 2335 967 2374 eadem
998 2344 1080 2384 qua
1109 2334 1149 2372 in
1180 2331 1316 2373 Gallia
1345 2332 1562 2373 Diodorus
1592 2334 1633 2372 in

189 2400 339 2441 insulis
380 2400 671 2440 describendis
711 2410 814 2440 usus
858 2401 921 2440 est
961 2409 1114 2439 norma.
1172 2396 1284 2445 Quid
1330 2398 1635 2450 consequitur?

189 2467 268 2506 Aut
311 2466 526 2506 Timaeum
568 2466 695 2506 modo
736 2465 889 2506 fabulis
930 2464 1170 2505 enarrandis
1212 2463 1265 2515 (V
1300 2463 1421 2516 1—6)
1464 2475 1633 2515 operam

190 2532 376 2580 dedisse,
428 2532 555 2572 modo
607 2533 725 2572 terris
782 2531 1060 2584 gentibusque
1104 2531 1293 2570 accurate
1343 2530 1635 2570 describendis

189 2598 242 2650 (V
273 2596 437 2650 7—22),
478 2599 556 2638 hac
597 2600 731 2638 autem
773 2598 814 2637 in
855 2608 897 2637 re
939 2596 1213 2637 Posidonium
1255 2596 1451 2636 omnibus
1476 2596 1633 2635 Timaei

188 2663 380 2715 vestigiis
429 2663 636 2703 institisse·
682 2686 724 2690 —
778 2662 819 2702 id
868 2662 982 2713 quod
1046 2672 1129 2700 non
1189 2661 1310 2701 facile
1371 2661 1634 2701 asseverabis
