<?xml version="1.0" encoding="UTF-8"?>
<!DOCTYPE html PUBLIC "-//W3C//DTD XHTML 1.0 Transitional//EN"
    "http://www.w3.org/TR/xhtml1/DTD/xhtml1-transitional.dtd">
<html xmlns="http://www.w3.org/1999/xhtml" xml:lang="en" lang="en">
 <head>
  <title>
</title>
<meta http-equiv="Content-Type" content="text/html;charset=utf-8" />
  <meta name='ocr-system' content='tesseract 3.04.00' />
  <meta name='ocr-capabilities' content='ocr_page ocr_carea ocr_par ocr_line ocrx_word'/>
</head>
<body>
  <div class='ocr_page' id='page_1' title='image "4737250_0052.png"; bbox 0 0 1868 3093; ppageno 0'>
   <div class='ocr_carea' id='block_1_1' title="bbox 793 218 1066 257">
    <p class='ocr_par' dir='ltr' id='par_1_1' title="bbox 793 218 1066 257">
     <span class='ocr_line' id='line_1_1' title="bbox 793 218 1066 257; baseline 0 -13"><span class='ocrx_word' id='word_1_1' title='bbox 793 218 1066 257; x_wconf 68' lang='lat'>—44—</span> 
     </span>
    </p>
   </div>
   <div class='ocr_carea' id='block_1_2' title="bbox 203 324 1653 2727">
    <p class='ocr_par' dir='ltr' id='par_1_2' title="bbox 204 324 1653 1015">
     <span class='ocr_line' id='line_1_2' title="bbox 204 324 1652 377; baseline 0.001 -13"><span class='ocrx_word' id='word_1_2' title='bbox 204 325 371 377; x_wconf 88' lang='lat' dir='ltr'>ingenia</span> <span class='ocrx_word' id='word_1_3' title='bbox 400 327 441 364; x_wconf 89' lang='lat' dir='ltr'>et</span> <span class='ocrx_word' id='word_1_4' title='bbox 470 324 568 364; x_wconf 91' lang='lat' dir='ltr'>belli</span> <span class='ocrx_word' id='word_1_5' title='bbox 597 324 814 373; x_wconf 85' lang='lat' dir='ltr'>fortunam,</span> <span class='ocrx_word' id='word_1_6' title='bbox 856 336 963 377; x_wconf 91' lang='lat' dir='ltr'>quae</span> <span class='ocrx_word' id='word_1_7' title='bbox 1005 325 1222 377; x_wconf 89' lang='lat' dir='ltr'>plurimum</span> <span class='ocrx_word' id='word_1_8' title='bbox 1265 326 1305 365; x_wconf 92' lang='lat' dir='ltr'>in</span> <span class='ocrx_word' id='word_1_9' title='bbox 1336 326 1448 366; x_wconf 94' lang='lat' dir='ltr'>bello</span> <span class='ocrx_word' id='word_1_10' title='bbox 1479 325 1652 373; x_wconf 89' lang='lat' dir='ltr'>valeant,</span> 
     </span>
     <span class='ocr_line' id='line_1_3' title="bbox 205 389 1652 440; baseline 0.001 -12"><span class='ocrx_word' id='word_1_11' title='bbox 205 390 384 429; x_wconf 85' lang='lat' dir='ltr'>invictos</span> <span class='ocrx_word' id='word_1_12' title='bbox 409 390 655 440; x_wconf 87' lang='lat' dir='ltr'>praestitura</span> <span class='ocrx_word' id='word_1_13' title='bbox 675 390 807 430; x_wconf 86' lang='lat' dir='ltr'>fuisse</span> <span class='ocrx_word' id='word_1_14' title='bbox 830 389 1044 433; x_wconf 85' lang='lat' dir='ltr'>Romanos</span> <span class='ocrx_word' id='word_1_15' title='bbox 1064 390 1248 430; x_wconf 80' lang='lat' dir='ltr'>affirmet.</span> <span class='ocrx_word' id='word_1_16' title='bbox 1306 389 1433 438; x_wconf 89' lang='lat' dir='ltr'>Quod</span> <span class='ocrx_word' id='word_1_17' title='bbox 1464 393 1507 430; x_wconf 91' lang='lat' dir='ltr'>ut</span> <span class='ocrx_word' id='word_1_18' title='bbox 1536 402 1652 431; x_wconf 94' lang='lat' dir='ltr'>com-</span> 
     </span>
     <span class='ocr_line' id='line_1_4' title="bbox 204 453 1652 505; baseline 0.001 -11"><span class='ocrx_word' id='word_1_19' title='bbox 204 454 364 505; x_wconf 90' lang='lat' dir='ltr'>probet,</span> <span class='ocrx_word' id='word_1_20' title='bbox 395 454 653 505; x_wconf 82' lang='lat' dir='ltr'>praestitisse</span> <span class='ocrx_word' id='word_1_21' title='bbox 684 453 922 496; x_wconf 83' lang='lat' dir='ltr'>Alexandro</span> <span class='ocrx_word' id='word_1_22' title='bbox 965 467 1048 496; x_wconf 93' lang='lat' dir='ltr'>non</span> <span class='ocrx_word' id='word_1_23' title='bbox 1091 466 1215 496; x_wconf 92' lang='lat' dir='ltr'>unum</span> <span class='ocrx_word' id='word_1_24' title='bbox 1256 456 1332 496; x_wconf 89' lang='lat' dir='ltr'>sed</span> <span class='ocrx_word' id='word_1_25' title='bbox 1364 466 1513 496; x_wconf 89' lang='lat' dir='ltr'>ornnes</span> <span class='ocrx_word' id='word_1_26' title='bbox 1542 455 1652 496; x_wconf 91' lang='lat' dir='ltr'>illius</span> 
     </span>
     <span class='ocr_line' id='line_1_5' title="bbox 204 519 1653 573; baseline 0 -13"><span class='ocrx_word' id='word_1_27' title='bbox 204 521 350 560; x_wconf 88' lang='lat' dir='ltr'>aetatis</span> <span class='ocrx_word' id='word_1_28' title='bbox 382 519 580 560; x_wconf 90' lang='lat' dir='ltr'>consules</span> <span class='ocrx_word' id='word_1_29' title='bbox 611 522 651 560; x_wconf 92' lang='lat' dir='ltr'>et</span> <span class='ocrx_word' id='word_1_30' title='bbox 681 520 917 569; x_wconf 86' lang='lat' dir='ltr'>dictatores,</span> <span class='ocrx_word' id='word_1_31' title='bbox 959 521 1111 562; x_wconf 93' lang='lat' dir='ltr'>deinde</span> <span class='ocrx_word' id='word_1_32' title='bbox 1153 521 1250 561; x_wconf 93' lang='lat' dir='ltr'>belli</span> <span class='ocrx_word' id='word_1_33' title='bbox 1285 520 1489 561; x_wconf 87' lang='lat' dir='ltr'>fortunam</span> <span class='ocrx_word' id='word_1_34' title='bbox 1520 521 1653 573; x_wconf 89' lang='lat' dir='ltr'>magis</span> 
     </span>
     <span class='ocr_line' id='line_1_6' title="bbox 205 585 1653 637; baseline -0.002 -9"><span class='ocrx_word' id='word_1_35' title='bbox 205 585 403 628; x_wconf 84' lang='lat' dir='ltr'>Romanis</span> <span class='ocrx_word' id='word_1_36' title='bbox 447 585 604 626; x_wconf 83' lang='lat' dir='ltr'>favisse</span> <span class='ocrx_word' id='word_1_37' title='bbox 649 596 773 637; x_wconf 88' lang='lat' dir='ltr'>quam</span> <span class='ocrx_word' id='word_1_38' title='bbox 823 585 1073 634; x_wconf 86' lang='lat' dir='ltr'>Alexandro,</span> <span class='ocrx_word' id='word_1_39' title='bbox 1122 586 1303 637; x_wconf 91' lang='lat' dir='ltr'>denique</span> <span class='ocrx_word' id='word_1_40' title='bbox 1352 586 1565 637; x_wconf 90' lang='lat' dir='ltr'>copiarum</span> <span class='ocrx_word' id='word_1_41' title='bbox 1614 587 1653 625; x_wconf 92' lang='lat' dir='ltr'>et</span> 
     </span>
     <span class='ocr_line' id='line_1_7' title="bbox 204 651 1652 702; baseline 0 -12"><span class='ocrx_word' id='word_1_42' title='bbox 204 651 450 690; x_wconf 90' lang='lat' dir='ltr'>auxiliorum</span> <span class='ocrx_word' id='word_1_43' title='bbox 493 651 752 691; x_wconf 90' lang='lat' dir='ltr'>multitudine</span> <span class='ocrx_word' id='word_1_44' title='bbox 794 662 967 702; x_wconf 89' lang='lat' dir='ltr'>prorsus</span> <span class='ocrx_word' id='word_1_45' title='bbox 1009 651 1223 693; x_wconf 83' lang='lat' dir='ltr'>Romanos</span> <span class='ocrx_word' id='word_1_46' title='bbox 1262 663 1355 691; x_wconf 91' lang='lat' dir='ltr'>eum</span> <span class='ocrx_word' id='word_1_47' title='bbox 1386 652 1652 702; x_wconf 87' lang='lat' dir='ltr'>superavisse</span> 
     </span>
     <span class='ocr_line' id='line_1_8' title="bbox 206 714 1651 767; baseline 0 -12"><span class='ocrx_word' id='word_1_48' title='bbox 206 716 481 756; x_wconf 89' lang='lat' dir='ltr'>disertissime</span> <span class='ocrx_word' id='word_1_49' title='bbox 503 716 686 766; x_wconf 89' lang='lat' dir='ltr'>exponit.</span> <span class='ocrx_word' id='word_1_50' title='bbox 747 714 971 756; x_wconf 81' lang='lat' dir='ltr'>Concludit</span> <span class='ocrx_word' id='word_1_51' title='bbox 991 715 1095 755; x_wconf 92' lang='lat' dir='ltr'>haec</span> <span class='ocrx_word' id='word_1_52' title='bbox 1116 715 1256 755; x_wconf 90' lang='lat' dir='ltr'>verbis</span> <span class='ocrx_word' id='word_1_53' title='bbox 1278 715 1447 756; x_wconf 89' lang='lat' dir='ltr'>caelesti</span> <span class='ocrx_word' id='word_1_54' title='bbox 1469 715 1651 767; x_wconf 88' lang='lat' dir='ltr'>quodam</span> 
     </span>
     <span class='ocr_line' id='line_1_9' title="bbox 206 781 1651 831; baseline -0.001 -10"><span class='ocrx_word' id='word_1_55' title='bbox 206 782 402 821; x_wconf 88' lang='lat' dir='ltr'>instinctu</span> <span class='ocrx_word' id='word_1_56' title='bbox 434 782 583 821; x_wconf 90' lang='lat' dir='ltr'>mentis</span> <span class='ocrx_word' id='word_1_57' title='bbox 613 781 798 831; x_wconf 91' lang='lat' dir='ltr'>prolatis,</span> <span class='ocrx_word' id='word_1_58' title='bbox 828 781 981 831; x_wconf 89' lang='lat' dir='ltr'>quibus</span> <span class='ocrx_word' id='word_1_59' title='bbox 1012 781 1274 821; x_wconf 88' lang='lat' dir='ltr'>vaticinantis</span> <span class='ocrx_word' id='word_1_60' title='bbox 1304 782 1345 820; x_wconf 91' lang='lat' dir='ltr'>in</span> <span class='ocrx_word' id='word_1_61' title='bbox 1376 782 1546 821; x_wconf 92' lang='lat' dir='ltr'>modum</span> <span class='ocrx_word' id='word_1_62' title='bbox 1568 781 1651 824; x_wconf 86' lang='lat' dir='ltr'>Ro-</span> 
     </span>
     <span class='ocr_line' id='line_1_10' title="bbox 207 845 1653 897; baseline 0 -12"><span class='ocrx_word' id='word_1_63' title='bbox 207 856 367 892; x_wconf 91' lang='lat' dir='ltr'>manos,</span> <span class='ocrx_word' id='word_1_64' title='bbox 398 846 588 896; x_wconf 89' lang='lat' dir='ltr'>quamvis</span> <span class='ocrx_word' id='word_1_65' title='bbox 619 845 796 885; x_wconf 90' lang='lat' dir='ltr'>insidiae</span> <span class='ocrx_word' id='word_1_66' title='bbox 818 847 858 884; x_wconf 93' lang='lat' dir='ltr'>et</span> <span class='ocrx_word' id='word_1_67' title='bbox 878 845 1052 897; x_wconf 87' lang='lat' dir='ltr'>sagittae</span> <span class='ocrx_word' id='word_1_68' title='bbox 1080 845 1130 885; x_wconf 90' lang='lat' dir='ltr'>iis</span> <span class='ocrx_word' id='word_1_69' title='bbox 1160 845 1368 885; x_wconf 88' lang='lat' dir='ltr'>timendae</span> <span class='ocrx_word' id='word_1_70' title='bbox 1398 846 1490 893; x_wconf 87' lang='lat' dir='ltr'>sint,</span> <span class='ocrx_word' id='word_1_71' title='bbox 1512 847 1653 897; x_wconf 90' lang='lat' dir='ltr'>aperta</span> 
     </span>
     <span class='ocr_line' id='line_1_11' title="bbox 205 911 1651 961; baseline -0.001 -10"><span class='ocrx_word' id='word_1_72' title='bbox 205 912 294 951; x_wconf 90' lang='lat' dir='ltr'>acie</span> <span class='ocrx_word' id='word_1_73' title='bbox 325 922 502 961; x_wconf 90' lang='lat' dir='ltr'>semper,</span> <span class='ocrx_word' id='word_1_74' title='bbox 534 911 764 950; x_wconf 94' lang='lat' dir='ltr'>dummodo</span> <span class='ocrx_word' id='word_1_75' title='bbox 796 911 989 951; x_wconf 90' lang='lat' dir='ltr'>civilibus</span> <span class='ocrx_word' id='word_1_76' title='bbox 1011 911 1133 951; x_wconf 89' lang='lat' dir='ltr'>bellis</span> <span class='ocrx_word' id='word_1_77' title='bbox 1155 911 1400 959; x_wconf 89' lang='lat' dir='ltr'>abstineant,</span> <span class='ocrx_word' id='word_1_78' title='bbox 1432 912 1540 951; x_wconf 93' lang='lat' dir='ltr'>canit</span> <span class='ocrx_word' id='word_1_79' title='bbox 1563 911 1651 950; x_wconf 89' lang='lat' dir='ltr'>fore</span> 
     </span>
     <span class='ocr_line' id='line_1_12' title="bbox 206 977 395 1015; baseline 0 0"><span class='ocrx_word' id='word_1_80' title='bbox 206 977 395 1015; x_wconf 90' lang='lat' dir='ltr'>invictos.</span> 
     </span>
    </p>

    <p class='ocr_par' dir='ltr' id='par_1_3' title="bbox 203 1040 1652 1864">
     <span class='ocr_line' id='line_1_13' title="bbox 316 1040 1652 1093; baseline 0 -12"><span class='ocrx_word' id='word_1_81' title='bbox 316 1041 455 1081; x_wconf 90' lang='lat' dir='ltr'>Livius</span> <span class='ocrx_word' id='word_1_82' title='bbox 496 1043 610 1081; x_wconf 89' lang='lat' dir='ltr'>tanto</span> <span class='ocrx_word' id='word_1_83' title='bbox 651 1041 791 1081; x_wconf 87' lang='lat' dir='ltr'>studio</span> <span class='ocrx_word' id='word_1_84' title='bbox 823 1040 1035 1084; x_wconf 84' lang='lat' dir='ltr'>Romanos</span> <span class='ocrx_word' id='word_1_85' title='bbox 1076 1041 1345 1093; x_wconf 83' lang='lat' dir='ltr'>praedicans,</span> <span class='ocrx_word' id='word_1_86' title='bbox 1376 1042 1445 1092; x_wconf 90' lang='lat' dir='ltr'>qui</span> <span class='ocrx_word' id='word_1_87' title='bbox 1477 1052 1569 1081; x_wconf 92' lang='lat' dir='ltr'>cum</span> <span class='ocrx_word' id='word_1_88' title='bbox 1601 1052 1652 1081; x_wconf 90' lang='lat' dir='ltr'>ne</span> 
     </span>
     <span class='ocr_line' id='line_1_14' title="bbox 206 1107 1652 1157; baseline -0.001 -11"><span class='ocrx_word' id='word_1_89' title='bbox 206 1108 247 1146; x_wconf 91' lang='lat' dir='ltr'>id</span> <span class='ocrx_word' id='word_1_90' title='bbox 291 1107 460 1157; x_wconf 89' lang='lat' dir='ltr'>quidem</span> <span class='ocrx_word' id='word_1_91' title='bbox 503 1109 657 1146; x_wconf 92' lang='lat' dir='ltr'>certum</span> <span class='ocrx_word' id='word_1_92' title='bbox 699 1108 752 1146; x_wconf 90' lang='lat' dir='ltr'>sit</span> <span class='ocrx_word' id='word_1_93' title='bbox 793 1107 832 1145; x_wconf 92' lang='lat' dir='ltr'>in</span> <span class='ocrx_word' id='word_1_94' title='bbox 872 1117 980 1156; x_wconf 90' lang='lat' dir='ltr'>quos</span> <span class='ocrx_word' id='word_1_95' title='bbox 1011 1107 1224 1145; x_wconf 87' lang='lat' dir='ltr'>invehatur</span> <span class='ocrx_word' id='word_1_96' title='bbox 1254 1108 1490 1156; x_wconf 76' lang='lat' dir='ltr'>scriptores,</span> <span class='ocrx_word' id='word_1_97' title='bbox 1521 1108 1652 1145; x_wconf 90' lang='lat' dir='ltr'>utrum</span> 
     </span>
     <span class='ocr_line' id='line_1_15' title="bbox 206 1170 1650 1223; baseline -0.001 -11"><span class='ocrx_word' id='word_1_98' title='bbox 206 1183 314 1223; x_wconf 89' lang='lat' dir='ltr'>quae</span> <span class='ocrx_word' id='word_1_99' title='bbox 345 1172 517 1223; x_wconf 88' lang='lat' dir='ltr'>praebet</span> <span class='ocrx_word' id='word_1_100' title='bbox 548 1172 640 1223; x_wconf 89' lang='lat' dir='ltr'>ipse</span> <span class='ocrx_word' id='word_1_101' title='bbox 673 1172 957 1223; x_wconf 88' lang='lat' dir='ltr'>composuerit</span> <span class='ocrx_word' id='word_1_102' title='bbox 986 1183 1037 1212; x_wconf 89' lang='lat' dir='ltr'>an</span> <span class='ocrx_word' id='word_1_103' title='bbox 1059 1172 1172 1223; x_wconf 90' lang='lat' dir='ltr'>apud</span> <span class='ocrx_word' id='word_1_104' title='bbox 1193 1172 1301 1212; x_wconf 83' lang='lat' dir='ltr'>alios</span> <span class='ocrx_word' id='word_1_105' title='bbox 1322 1172 1521 1212; x_wconf 89' lang='lat' dir='ltr'>invenerit</span> <span class='ocrx_word' id='word_1_106' title='bbox 1545 1170 1650 1223; x_wconf 83' lang='lat' dir='ltr'>diju-</span> 
     </span>
     <span class='ocr_line' id='line_1_16' title="bbox 206 1237 1651 1289; baseline -0.001 -12"><span class='ocrx_word' id='word_1_107' title='bbox 206 1239 333 1278; x_wconf 91' lang='lat' dir='ltr'>dicari</span> <span class='ocrx_word' id='word_1_108' title='bbox 365 1239 528 1288; x_wconf 89' lang='lat' dir='ltr'>nequit;</span> <span class='ocrx_word' id='word_1_109' title='bbox 559 1249 699 1277; x_wconf 90' lang='lat' dir='ltr'>verum</span> <span class='ocrx_word' id='word_1_110' title='bbox 731 1249 824 1277; x_wconf 93' lang='lat' dir='ltr'>cum</span> <span class='ocrx_word' id='word_1_111' title='bbox 856 1249 939 1277; x_wconf 92' lang='lat' dir='ltr'>non</span> <span class='ocrx_word' id='word_1_112' title='bbox 971 1239 1128 1288; x_wconf 91' lang='lat' dir='ltr'>primus</span> <span class='ocrx_word' id='word_1_113' title='bbox 1159 1238 1297 1277; x_wconf 91' lang='lat' dir='ltr'>Livius</span> <span class='ocrx_word' id='word_1_114' title='bbox 1332 1240 1413 1277; x_wconf 89' lang='lat' dir='ltr'>tam</span> <span class='ocrx_word' id='word_1_115' title='bbox 1445 1238 1568 1289; x_wconf 88' lang='lat' dir='ltr'>longe</span> <span class='ocrx_word' id='word_1_116' title='bbox 1599 1237 1651 1276; x_wconf 89' lang='lat' dir='ltr'>ad</span> 
     </span>
     <span class='ocr_line' id='line_1_17' title="bbox 206 1302 1649 1352; baseline -0.001 -9"><span class='ocrx_word' id='word_1_117' title='bbox 206 1303 419 1345; x_wconf 80' lang='lat' dir='ltr'>Romanos</span> <span class='ocrx_word' id='word_1_118' title='bbox 451 1302 745 1342; x_wconf 84' lang='lat' dir='ltr'>defendendos</span> <span class='ocrx_word' id='word_1_119' title='bbox 775 1312 799 1342; x_wconf 91' lang='lat' dir='ltr'>a</span> <span class='ocrx_word' id='word_1_120' title='bbox 826 1313 868 1342; x_wconf 91' lang='lat' dir='ltr'>re</span> <span class='ocrx_word' id='word_1_121' title='bbox 891 1302 1169 1350; x_wconf 87' lang='lat' dir='ltr'>declinaverit,</span> <span class='ocrx_word' id='word_1_122' title='bbox 1191 1303 1266 1342; x_wconf 91' lang='lat' dir='ltr'>sed</span> <span class='ocrx_word' id='word_1_123' title='bbox 1289 1302 1496 1342; x_wconf 87' lang='lat' dir='ltr'>annalium</span> <span class='ocrx_word' id='word_1_124' title='bbox 1517 1302 1649 1352; x_wconf 89' lang='lat' dir='ltr'>scrip-</span> 
     </span>
     <span class='ocr_line' id='line_1_18' title="bbox 203 1367 1652 1418; baseline -0.002 -10"><span class='ocrx_word' id='word_1_125' title='bbox 203 1371 316 1408; x_wconf 90' lang='lat' dir='ltr'>tores</span> <span class='ocrx_word' id='word_1_126' title='bbox 361 1369 396 1408; x_wconf 90' lang='lat' dir='ltr'>si</span> <span class='ocrx_word' id='word_1_127' title='bbox 442 1379 526 1407; x_wconf 92' lang='lat' dir='ltr'>non</span> <span class='ocrx_word' id='word_1_128' title='bbox 571 1370 733 1407; x_wconf 91' lang='lat' dir='ltr'>veteres</span> <span class='ocrx_word' id='word_1_129' title='bbox 775 1370 816 1407; x_wconf 89' lang='lat' dir='ltr'>at</span> <span class='ocrx_word' id='word_1_130' title='bbox 857 1370 965 1407; x_wconf 92' lang='lat' dir='ltr'>certe</span> <span class='ocrx_word' id='word_1_131' title='bbox 1008 1369 1270 1415; x_wconf 90' lang='lat' dir='ltr'>recentiores,</span> <span class='ocrx_word' id='word_1_132' title='bbox 1312 1378 1421 1418; x_wconf 89' lang='lat' dir='ltr'>quos</span> <span class='ocrx_word' id='word_1_133' title='bbox 1456 1368 1496 1406; x_wconf 92' lang='lat' dir='ltr'>in</span> <span class='ocrx_word' id='word_1_134' title='bbox 1527 1367 1652 1406; x_wconf 89' lang='lat' dir='ltr'>rebus</span> 
     </span>
     <span class='ocr_line' id='line_1_19' title="bbox 205 1432 1651 1485; baseline -0.001 -13"><span class='ocrx_word' id='word_1_135' title='bbox 205 1433 421 1472; x_wconf 85' lang='lat' dir='ltr'>narrandis</span> <span class='ocrx_word' id='word_1_136' title='bbox 454 1432 650 1474; x_wconf 83' lang='lat' dir='ltr'>Romanis</span> <span class='ocrx_word' id='word_1_137' title='bbox 680 1432 837 1472; x_wconf 88' lang='lat' dir='ltr'>favisse</span> <span class='ocrx_word' id='word_1_138' title='bbox 859 1434 1033 1480; x_wconf 91' lang='lat' dir='ltr'>constat,</span> <span class='ocrx_word' id='word_1_139' title='bbox 1054 1433 1259 1485; x_wconf 87' lang='lat' dir='ltr'>evagandi</span> <span class='ocrx_word' id='word_1_140' title='bbox 1281 1433 1445 1472; x_wconf 91' lang='lat' dir='ltr'>licentia</span> <span class='ocrx_word' id='word_1_141' title='bbox 1471 1433 1534 1472; x_wconf 87' lang='lat' dir='ltr'>usi</span> <span class='ocrx_word' id='word_1_142' title='bbox 1560 1433 1651 1478; x_wconf 90' lang='lat' dir='ltr'>sint,</span> 
     </span>
     <span class='ocr_line' id='line_1_20' title="bbox 207 1490 1651 1549; baseline -0.001 -12"><span class='ocrx_word' id='word_1_143' title='bbox 207 1510 290 1538; x_wconf 94' lang='lat' dir='ltr'>non</span> <span class='ocrx_word' id='word_1_144' title='bbox 321 1498 429 1538; x_wconf 87' lang='lat' dir='ltr'>falso</span> <span class='ocrx_word' id='word_1_145' title='bbox 460 1498 726 1549; x_wconf 86' lang='lat' dir='ltr'>opinabimur</span> <span class='ocrx_word' id='word_1_146' title='bbox 766 1498 845 1538; x_wconf 90' lang='lat' dir='ltr'>iam</span> <span class='ocrx_word' id='word_1_147' title='bbox 888 1490 1000 1549; x_wconf 88' lang='lat' dir='ltr'>apud</span> <span class='ocrx_word' id='word_1_148' title='bbox 1043 1499 1121 1538; x_wconf 93' lang='lat' dir='ltr'>hos</span> <span class='ocrx_word' id='word_1_149' title='bbox 1160 1498 1317 1538; x_wconf 91' lang='lat' dir='ltr'>similes</span> <span class='ocrx_word' id='word_1_150' title='bbox 1348 1508 1549 1538; x_wconf 88' lang='lat' dir='ltr'>excursus</span> <span class='ocrx_word' id='word_1_151' title='bbox 1579 1508 1651 1536; x_wconf 88' lang='lat' dir='ltr'>ex-</span> 
     </span>
     <span class='ocr_line' id='line_1_21' title="bbox 205 1562 1651 1615; baseline -0.001 -12"><span class='ocrx_word' id='word_1_152' title='bbox 205 1565 374 1611; x_wconf 89' lang='lat' dir='ltr'>stitisse,</span> <span class='ocrx_word' id='word_1_153' title='bbox 420 1564 660 1614; x_wconf 87' lang='lat' dir='ltr'>praesertim</span> <span class='ocrx_word' id='word_1_154' title='bbox 706 1574 799 1603; x_wconf 94' lang='lat' dir='ltr'>cum</span> <span class='ocrx_word' id='word_1_155' title='bbox 850 1564 989 1603; x_wconf 91' lang='lat' dir='ltr'>Livius</span> <span class='ocrx_word' id='word_1_156' title='bbox 1040 1565 1131 1614; x_wconf 88' lang='lat' dir='ltr'>ipse</span> <span class='ocrx_word' id='word_1_157' title='bbox 1175 1564 1315 1604; x_wconf 92' lang='lat' dir='ltr'>verbis</span> <span class='ocrx_word' id='word_1_158' title='bbox 1360 1562 1430 1615; x_wconf 94' lang='grc' dir='ltr'>(1Χ</span> <span class='ocrx_word' id='word_1_159' title='bbox 1471 1563 1530 1611; x_wconf 88' lang='lat'>16,</span> <span class='ocrx_word' id='word_1_160' title='bbox 1569 1562 1651 1614; x_wconf 87' lang='lat'>13):</span> 
     </span>
     <span class='ocr_line' id='line_1_22' title="bbox 206 1628 1652 1680; baseline -0.001 -12"><span class='ocrx_word' id='word_1_161' title='bbox 206 1630 475 1679; x_wconf 81' lang='lat' dir='ltr'>victoremque</span> <span class='ocrx_word' id='word_1_162' title='bbox 505 1639 628 1668; x_wconf 82' lang='lat' dir='ltr'>cursu</span> <span class='ocrx_word' id='word_1_163' title='bbox 658 1630 835 1669; x_wconf 82' lang='lat' dir='ltr'>omnium</span> <span class='ocrx_word' id='word_1_164' title='bbox 866 1630 1016 1669; x_wconf 82' lang='lat' dir='ltr'>aetatis</span> <span class='ocrx_word' id='word_1_165' title='bbox 1044 1640 1147 1669; x_wconf 82' lang='lat' dir='ltr'>suae</span> <span class='ocrx_word' id='word_1_166' title='bbox 1168 1628 1304 1680; x_wconf 85' lang='lat' dir='ltr'>fuisse</span> <span class='ocrx_word' id='word_1_167' title='bbox 1325 1628 1478 1679; x_wconf 82' lang='lat' dir='ltr'>ferunt,</span> <span class='ocrx_word' id='word_1_168' title='bbox 1515 1631 1555 1668; x_wconf 85' lang='lat' dir='ltr'>et</span> <span class='ocrx_word' id='word_1_169' title='bbox 1579 1639 1652 1667; x_wconf 80' lang='lat' dir='ltr'>seu</span> 
     </span>
     <span class='ocr_line' id='line_1_23' title="bbox 206 1694 1651 1745; baseline -0.001 -11"><span class='ocrx_word' id='word_1_170' title='bbox 206 1695 348 1734; x_wconf 81' lang='lat' dir='ltr'>virium</span> <span class='ocrx_word' id='word_1_171' title='bbox 380 1695 420 1734; x_wconf 88' lang='lat' dir='ltr'>vi</span> <span class='ocrx_word' id='word_1_172' title='bbox 445 1705 518 1734; x_wconf 81' lang='lat' dir='ltr'>seu</span> <span class='ocrx_word' id='word_1_173' title='bbox 548 1695 837 1734; x_wconf 78' lang='lat' dir='ltr'>exercimtione</span> <span class='ocrx_word' id='word_1_174' title='bbox 866 1694 993 1734; x_wconf 82' lang='lat' dir='ltr'>multa</span> <span class='ocrx_word' id='word_1_175' title='bbox 1023 1694 1106 1734; x_wconf 85' lang='lat' dir='ltr'>c1&#39;bi</span> <span class='ocrx_word' id='word_1_176' title='bbox 1132 1695 1292 1745; x_wconf 80' lang='lat' dir='ltr'>vinr&#39;que</span> <span class='ocrx_word' id='word_1_177' title='bbox 1322 1694 1491 1734; x_wconf 83' lang='lat' dir='ltr'>eundem</span> <span class='ocrx_word' id='word_1_178' title='bbox 1522 1705 1651 1744; x_wconf 82' lang='lat' dir='ltr'>capa—</span> 
     </span>
     <span class='ocr_line' id='line_1_24' title="bbox 205 1758 1650 1809; baseline -0.001 -10"><span class='ocrx_word' id='word_1_179' title='bbox 205 1760 412 1799; x_wconf 79' lang='lat' dir='ltr'>cissimum</span> <span class='ocrx_word' id='word_1_180' title='bbox 540 1761 732 1798; x_wconf 90' lang='lat' dir='ltr'>auctores</span> <span class='ocrx_word' id='word_1_181' title='bbox 763 1769 866 1799; x_wconf 90' lang='lat' dir='ltr'>suos</span> <span class='ocrx_word' id='word_1_182' title='bbox 897 1760 975 1798; x_wconf 89' lang='lat' dir='ltr'>iam</span> <span class='ocrx_word' id='word_1_183' title='bbox 1019 1760 1070 1799; x_wconf 93' lang='lat' dir='ltr'>de</span> <span class='ocrx_word' id='word_1_184' title='bbox 1113 1758 1264 1809; x_wconf 86' lang='lat' dir='ltr'>Papirii</span> <span class='ocrx_word' id='word_1_185' title='bbox 1305 1760 1450 1798; x_wconf 88' lang='lat' dir='ltr'>virtute</span> <span class='ocrx_word' id='word_1_186' title='bbox 1485 1759 1650 1809; x_wconf 89' lang='lat' dir='ltr'>praedi-</span> 
     </span>
     <span class='ocr_line' id='line_1_25' title="bbox 206 1825 524 1864; baseline -0.003 -1"><span class='ocrx_word' id='word_1_187' title='bbox 206 1835 328 1864; x_wconf 89' lang='lat' dir='ltr'>casse</span> <span class='ocrx_word' id='word_1_188' title='bbox 359 1825 524 1863; x_wconf 90' lang='lat' dir='ltr'>indicet.</span> 
     </span>
    </p>

    <p class='ocr_par' dir='ltr' id='par_1_4' title="bbox 205 1887 1652 2727">
     <span class='ocr_line' id='line_1_26' title="bbox 315 1887 1651 1942; baseline -0.001 -13"><span class='ocrx_word' id='word_1_189' title='bbox 315 1889 457 1942; x_wconf 90' lang='lat' dir='ltr'>Longe</span> <span class='ocrx_word' id='word_1_190' title='bbox 487 1890 570 1929; x_wconf 92' lang='lat' dir='ltr'>alio</span> <span class='ocrx_word' id='word_1_191' title='bbox 601 1889 817 1930; x_wconf 86' lang='lat' dir='ltr'>referenda</span> <span class='ocrx_word' id='word_1_192' title='bbox 857 1891 952 1929; x_wconf 87' lang='lat' dir='ltr'>sunt</span> <span class='ocrx_word' id='word_1_193' title='bbox 993 1900 1100 1941; x_wconf 88' lang='lat' dir='ltr'>quae</span> <span class='ocrx_word' id='word_1_194' title='bbox 1142 1891 1194 1930; x_wconf 92' lang='lat' dir='ltr'>de</span> <span class='ocrx_word' id='word_1_195' title='bbox 1225 1889 1281 1929; x_wconf 90' lang='lat' dir='ltr'>M.</span> <span class='ocrx_word' id='word_1_196' title='bbox 1311 1888 1460 1930; x_wconf 88' lang='lat' dir='ltr'>Porcio</span> <span class='ocrx_word' id='word_1_197' title='bbox 1492 1887 1651 1930; x_wconf 90' lang='lat' dir='ltr'>Catone</span> 
     </span>
     <span class='ocr_line' id='line_1_27' title="bbox 206 1954 1651 2008; baseline -0.001 -13"><span class='ocrx_word' id='word_1_198' title='bbox 206 1966 423 1996; x_wconf 90' lang='lat' dir='ltr'>censuram</span> <span class='ocrx_word' id='word_1_199' title='bbox 455 1957 620 2006; x_wconf 91' lang='lat' dir='ltr'>petente</span> <span class='ocrx_word' id='word_1_200' title='bbox 652 1956 674 1995; x_wconf 93' lang='grc'>1.</span> <span class='ocrx_word' id='word_1_201' title='bbox 704 1955 872 1995; x_wconf 91' lang='grc' dir='ltr'>ΧΧΧΙΧ</span> <span class='ocrx_word' id='word_1_202' title='bbox 900 1956 965 2003; x_wconf 88' lang='grc'>40,</span> <span class='ocrx_word' id='word_1_203' title='bbox 994 1956 1131 1995; x_wconf 90' lang='grc'><strong>4-12</strong></span> <span class='ocrx_word' id='word_1_204' title='bbox 1161 1956 1359 2008; x_wconf 86' lang='lat' dir='ltr'>leguntur.</span> <span class='ocrx_word' id='word_1_205' title='bbox 1418 1954 1548 1995; x_wconf 92' lang='lat' dir='ltr'>Cuius</span> <span class='ocrx_word' id='word_1_206' title='bbox 1578 1955 1651 1994; x_wconf 93' lang='lat' dir='ltr'>viri</span> 
     </span>
     <span class='ocr_line' id='line_1_28' title="bbox 206 2020 1652 2073; baseline 0.001 -13"><span class='ocrx_word' id='word_1_207' title='bbox 206 2021 343 2061; x_wconf 90' lang='lat' dir='ltr'>Livius</span> <span class='ocrx_word' id='word_1_208' title='bbox 375 2021 483 2061; x_wconf 89' lang='lat' dir='ltr'>adeo</span> <span class='ocrx_word' id='word_1_209' title='bbox 515 2032 599 2060; x_wconf 91' lang='lat' dir='ltr'>non</span> <span class='ocrx_word' id='word_1_210' title='bbox 629 2021 738 2061; x_wconf 85' lang='lat' dir='ltr'>facta</span> <span class='ocrx_word' id='word_1_211' title='bbox 768 2021 973 2072; x_wconf 89' lang='lat' dir='ltr'>quaedam</span> <span class='ocrx_word' id='word_1_212' title='bbox 996 2021 1173 2069; x_wconf 90' lang='lat' dir='ltr'>exhibet,</span> <span class='ocrx_word' id='word_1_213' title='bbox 1204 2020 1363 2073; x_wconf 74' lang='lat' dir='ltr'>quibus⁴</span> <span class='ocrx_word' id='word_1_214' title='bbox 1387 2021 1441 2061; x_wconf 90' lang='lat' dir='ltr'>ad</span> <span class='ocrx_word' id='word_1_215' title='bbox 1471 2020 1652 2060; x_wconf 87' lang='lat' dir='ltr'>mundus</span> 
     </span>
     <span class='ocr_line' id='line_1_29' title="bbox 207 2087 1650 2137; baseline 0 -13"><span class='ocrx_word' id='word_1_216' title='bbox 207 2087 307 2125; x_wconf 90' lang='lat' dir='ltr'>illud</span> <span class='ocrx_word' id='word_1_217' title='bbox 338 2087 655 2136; x_wconf 88' lang='lat' dir='ltr'>suscipiendum</span> <span class='ocrx_word' id='word_1_218' title='bbox 687 2087 883 2126; x_wconf 91' lang='lat' dir='ltr'>idoneum</span> <span class='ocrx_word' id='word_1_219' title='bbox 915 2098 1007 2126; x_wconf 93' lang='lat' dir='ltr'>eum</span> <span class='ocrx_word' id='word_1_220' title='bbox 1029 2087 1161 2126; x_wconf 87' lang='lat' dir='ltr'>fuisse</span> <span class='ocrx_word' id='word_1_221' title='bbox 1182 2087 1390 2137; x_wconf 90' lang='lat' dir='ltr'>probetur,</span> <span class='ocrx_word' id='word_1_222' title='bbox 1421 2088 1463 2125; x_wconf 93' lang='lat' dir='ltr'>ut</span> <span class='ocrx_word' id='word_1_223' title='bbox 1493 2097 1650 2125; x_wconf 91' lang='lat' dir='ltr'>morum</span> 
     </span>
     <span class='ocr_line' id='line_1_30' title="bbox 208 2151 1651 2201; baseline 0 -12"><span class='ocrx_word' id='word_1_224' title='bbox 208 2151 532 2200; x_wconf 90' lang='lat' dir='ltr'>descriptionem</span> <span class='ocrx_word' id='word_1_225' title='bbox 564 2151 617 2190; x_wconf 90' lang='lat' dir='ltr'>ad</span> <span class='ocrx_word' id='word_1_226' title='bbox 648 2161 714 2190; x_wconf 88' lang='lat' dir='ltr'>res</span> <span class='ocrx_word' id='word_1_227' title='bbox 754 2153 936 2190; x_wconf 88' lang='lat' dir='ltr'>narratas</span> <span class='ocrx_word' id='word_1_228' title='bbox 978 2151 1076 2190; x_wconf 91' lang='lat' dir='ltr'>nihil</span> <span class='ocrx_word' id='word_1_229' title='bbox 1108 2151 1378 2201; x_wconf 85' lang='lat' dir='ltr'>pertinentem</span> <span class='ocrx_word' id='word_1_230' title='bbox 1409 2151 1651 2201; x_wconf 89' lang='lat' dir='ltr'>interponat.</span> 
     </span>
     <span class='ocr_line' id='line_1_31' title="bbox 208 2214 1651 2267; baseline -0.001 -11"><span class='ocrx_word' id='word_1_231' title='bbox 208 2214 397 2267; x_wconf 84' lang='lat' dir='ltr'>Copiose</span> <span class='ocrx_word' id='word_1_232' title='bbox 428 2215 537 2255; x_wconf 93' lang='lat' dir='ltr'>enim</span> <span class='ocrx_word' id='word_1_233' title='bbox 568 2216 668 2266; x_wconf 89' lang='lat' dir='ltr'>quid</span> <span class='ocrx_word' id='word_1_234' title='bbox 699 2216 849 2256; x_wconf 88' lang='lat' dir='ltr'>sentiat</span> <span class='ocrx_word' id='word_1_235' title='bbox 879 2216 931 2255; x_wconf 92' lang='lat' dir='ltr'>de</span> <span class='ocrx_word' id='word_1_236' title='bbox 962 2217 1043 2256; x_wconf 91' lang='lat' dir='ltr'>hoc</span> <span class='ocrx_word' id='word_1_237' title='bbox 1072 2217 1160 2256; x_wconf 89' lang='lat' dir='ltr'>viro</span> <span class='ocrx_word' id='word_1_238' title='bbox 1190 2217 1415 2267; x_wconf 90' lang='lat' dir='ltr'>expromit;</span> <span class='ocrx_word' id='word_1_239' title='bbox 1446 2215 1651 2266; x_wconf 88' lang='lat' dir='ltr'>comperi-</span> 
     </span>
     <span class='ocr_line' id='line_1_32' title="bbox 207 2280 1651 2333; baseline -0.001 -12"><span class='ocrx_word' id='word_1_240' title='bbox 207 2292 299 2321; x_wconf 92' lang='lat' dir='ltr'>mus</span> <span class='ocrx_word' id='word_1_241' title='bbox 329 2282 517 2332; x_wconf 89' lang='lat' dir='ltr'>primum‚</span> <span class='ocrx_word' id='word_1_242' title='bbox 548 2283 702 2331; x_wconf 88' lang='lat' dir='ltr'>quanta</span> <span class='ocrx_word' id='word_1_243' title='bbox 725 2280 845 2320; x_wconf 90' lang='lat' dir='ltr'>fuerit</span> <span class='ocrx_word' id='word_1_244' title='bbox 874 2281 998 2320; x_wconf 89' lang='lat' dir='ltr'>animi</span> <span class='ocrx_word' id='word_1_245' title='bbox 1040 2283 1079 2320; x_wconf 92' lang='lat' dir='ltr'>et</span> <span class='ocrx_word' id='word_1_246' title='bbox 1120 2281 1272 2333; x_wconf 90' lang='lat' dir='ltr'>ingenii</span> <span class='ocrx_word' id='word_1_247' title='bbox 1303 2282 1354 2329; x_wconf 91' lang='lat' dir='ltr'>vi,</span> <span class='ocrx_word' id='word_1_248' title='bbox 1397 2282 1651 2332; x_wconf 88' lang='lat' dir='ltr'>parsimonia</span> 
     </span>
     <span class='ocr_line' id='line_1_33' title="bbox 206 2346 1651 2398; baseline 0.001 -12"><span class='ocrx_word' id='word_1_249' title='bbox 206 2350 245 2387; x_wconf 88' lang='lat' dir='ltr'>et</span> <span class='ocrx_word' id='word_1_250' title='bbox 275 2347 473 2398; x_wconf 88' lang='lat' dir='ltr'>patientia</span> <span class='ocrx_word' id='word_1_251' title='bbox 503 2346 702 2394; x_wconf 90' lang='lat' dir='ltr'>laborum,</span> <span class='ocrx_word' id='word_1_252' title='bbox 734 2346 886 2387; x_wconf 92' lang='lat' dir='ltr'>deinde</span> <span class='ocrx_word' id='word_1_253' title='bbox 918 2357 999 2398; x_wconf 88' lang='lat' dir='ltr'>qua</span> <span class='ocrx_word' id='word_1_254' title='bbox 1029 2357 1113 2387; x_wconf 92' lang='lat' dir='ltr'>non</span> <span class='ocrx_word' id='word_1_255' title='bbox 1144 2346 1279 2387; x_wconf 88' lang='lat' dir='ltr'>solum</span> <span class='ocrx_word' id='word_1_256' title='bbox 1311 2358 1442 2387; x_wconf 91' lang='lat' dir='ltr'>rerum</span> <span class='ocrx_word' id='word_1_257' title='bbox 1473 2347 1651 2387; x_wconf 89' lang='lat' dir='ltr'>urbana—</span> 
     </span>
     <span class='ocr_line' id='line_1_34' title="bbox 205 2412 1651 2466; baseline 0.001 -15"><span class='ocrx_word' id='word_1_258' title='bbox 205 2424 293 2452; x_wconf 87' lang='lat' dir='ltr'>rum</span> <span class='ocrx_word' id='word_1_259' title='bbox 325 2415 364 2452; x_wconf 90' lang='lat' dir='ltr'>et</span> <span class='ocrx_word' id='word_1_260' title='bbox 393 2413 635 2452; x_wconf 90' lang='lat' dir='ltr'>rusticarum</span> <span class='ocrx_word' id='word_1_261' title='bbox 668 2412 813 2463; x_wconf 88' lang='lat' dir='ltr'>peritia</span> <span class='ocrx_word' id='word_1_262' title='bbox 842 2413 1089 2463; x_wconf 90' lang='lat' dir='ltr'>praestiterit</span> <span class='ocrx_word' id='word_1_263' title='bbox 1118 2413 1194 2452; x_wconf 91' lang='lat' dir='ltr'>sed</span> <span class='ocrx_word' id='word_1_264' title='bbox 1217 2413 1337 2452; x_wconf 86' lang='lat' dir='ltr'>etiam</span> <span class='ocrx_word' id='word_1_265' title='bbox 1359 2413 1533 2452; x_wconf 89' lang='lat' dir='ltr'>scientia</span> <span class='ocrx_word' id='word_1_266' title='bbox 1553 2413 1651 2466; x_wconf 82' lang='lat' dir='ltr'>iuris</span> 
     </span>
     <span class='ocr_line' id='line_1_35' title="bbox 207 2478 1651 2529; baseline 0.001 -12"><span class='ocrx_word' id='word_1_267' title='bbox 207 2480 247 2518; x_wconf 92' lang='lat' dir='ltr'>et</span> <span class='ocrx_word' id='word_1_268' title='bbox 276 2478 385 2526; x_wconf 93' lang='lat' dir='ltr'>belli,</span> <span class='ocrx_word' id='word_1_269' title='bbox 417 2478 598 2529; x_wconf 90' lang='lat' dir='ltr'>denique</span> <span class='ocrx_word' id='word_1_270' title='bbox 630 2478 730 2528; x_wconf 90' lang='lat' dir='ltr'>quid</span> <span class='ocrx_word' id='word_1_271' title='bbox 762 2480 801 2517; x_wconf 92' lang='lat' dir='ltr'>et</span> <span class='ocrx_word' id='word_1_272' title='bbox 826 2478 1085 2518; x_wconf 87' lang='lat' dir='ltr'>orationibus</span> <span class='ocrx_word' id='word_1_273' title='bbox 1106 2480 1145 2518; x_wconf 93' lang='lat' dir='ltr'>et</span> <span class='ocrx_word' id='word_1_274' title='bbox 1166 2478 1332 2529; x_wconf 89' lang='lat' dir='ltr'>scriptis</span> <span class='ocrx_word' id='word_1_275' title='bbox 1352 2479 1466 2518; x_wconf 87' lang='lat' dir='ltr'>viros</span> <span class='ocrx_word' id='word_1_276' title='bbox 1487 2478 1651 2518; x_wconf 91' lang='lat' dir='ltr'>nobiles</span> 
     </span>
     <span class='ocr_line' id='line_1_36' title="bbox 206 2542 1651 2594; baseline 0.001 -13"><span class='ocrx_word' id='word_1_277' title='bbox 206 2545 246 2581; x_wconf 90' lang='lat' dir='ltr'>in</span> <span class='ocrx_word' id='word_1_278' title='bbox 296 2544 438 2593; x_wconf 88' lang='lat' dir='ltr'>primis</span> <span class='ocrx_word' id='word_1_279' title='bbox 488 2544 735 2582; x_wconf 89' lang='lat' dir='ltr'>insectando</span> <span class='ocrx_word' id='word_1_280' title='bbox 786 2543 1013 2594; x_wconf 80' lang='lat' dir='ltr'>perfecerit.</span> <span class='ocrx_word' id='word_1_281' title='bbox 1072 2542 1202 2583; x_wconf 90' lang='lat' dir='ltr'>Cuius</span> <span class='ocrx_word' id='word_1_282' title='bbox 1252 2543 1501 2583; x_wconf 89' lang='lat' dir='ltr'>laudationis</span> <span class='ocrx_word' id='word_1_283' title='bbox 1545 2554 1651 2594; x_wconf 87' lang='lat' dir='ltr'>quae</span> 
     </span>
     <span class='ocr_line' id='line_1_37' title="bbox 206 2608 1652 2660; baseline 0.001 -13"><span class='ocrx_word' id='word_1_284' title='bbox 206 2619 376 2648; x_wconf 91' lang='lat' dir='ltr'>causam</span> <span class='ocrx_word' id='word_1_285' title='bbox 408 2609 598 2648; x_wconf 89' lang='lat' dir='ltr'>dederint</span> <span class='ocrx_word' id='word_1_286' title='bbox 627 2609 662 2648; x_wconf 91' lang='lat' dir='ltr'>si</span> <span class='ocrx_word' id='word_1_287' title='bbox 695 2609 872 2659; x_wconf 89' lang='lat' dir='ltr'>quaeris,</span> <span class='ocrx_word' id='word_1_288' title='bbox 903 2609 1097 2658; x_wconf 88' lang='lat' dir='ltr'>equidem</span> <span class='ocrx_word' id='word_1_289' title='bbox 1122 2620 1198 2660; x_wconf 89' lang='lat' dir='ltr'>pro</span> <span class='ocrx_word' id='word_1_290' title='bbox 1222 2610 1333 2649; x_wconf 91' lang='lat' dir='ltr'>certo</span> <span class='ocrx_word' id='word_1_291' title='bbox 1355 2608 1652 2656; x_wconf 81' lang='lat' dir='ltr'>affirmaverim,</span> 
     </span>
     <span class='ocr_line' id='line_1_38' title="bbox 205 2672 1652 2727; baseline 0.001 -14"><span class='ocrx_word' id='word_1_292' title='bbox 205 2675 315 2714; x_wconf 87' lang='lat' dir='ltr'>sicut</span> <span class='ocrx_word' id='word_1_293' title='bbox 334 2673 623 2724; x_wconf 89' lang='lat' dir='ltr'>Thucydidem</span> <span class='ocrx_word' id='word_1_294' title='bbox 647 2672 677 2725; x_wconf 95' lang='lat' dir='ltr'>(l</span> <span class='ocrx_word' id='word_1_295' title='bbox 705 2672 799 2726; x_wconf 88' lang='lat'>138)</span> <span class='ocrx_word' id='word_1_296' title='bbox 820 2674 1092 2714; x_wconf 91' lang='lat' dir='ltr'>admiratione</span> <span class='ocrx_word' id='word_1_297' title='bbox 1112 2674 1408 2714; x_wconf 86' lang='lat' dir='ltr'>Themistoclis</span> <span class='ocrx_word' id='word_1_298' title='bbox 1435 2676 1477 2714; x_wconf 89' lang='lat' dir='ltr'>ut</span> <span class='ocrx_word' id='word_1_299' title='bbox 1498 2675 1652 2727; x_wconf 89' lang='lat' dir='ltr'>ingenii</span> 
     </span>
    </p>
   </div>
  </div>
 </body>
</html>
