1868 3093
820 116 1088 156 -49-

237 231 289 270 de
320 229 518 280 Scipione
548 227 804 279 praebuerat,
834 226 874 264 in
906 225 1178 266 narrationem
1209 224 1393 274 recipere
1425 234 1507 263 non
1532 225 1675 274 potuit,

237 293 464 335 adnotandi
506 302 555 332 ea
595 292 729 331 utatur
767 289 1005 329 occasione.
1072 287 1236 329 Deinde
1280 298 1387 339 quae
1431 288 1569 328 effecit
1610 289 1674 328 vel

237 360 397 399 videtur
426 356 620 397 effecisse
650 354 763 394 nullo
794 357 917 405 pacto
947 354 1178 404 respiciens
1200 364 1233 393 c.
1254 354 1317 400 58,
1343 354 1356 392 1
1393 354 1445 392 ad
1471 353 1673 393 Antiatem

236 423 445 464 revertitur
474 421 514 460 et
541 429 608 458 res
638 419 731 458 ante
760 419 1006 469 interruptas
1036 428 1245 469 exponere
1276 418 1408 469 pergit
1424 417 1465 469 1).

343 486 449 526 Tres
483 484 577 523 illae
608 483 660 522 de
690 483 844 534 quibus
873 484 1034 535 egimus
1076 484 1361 533 expositiones
1406 494 1529 533 quam
1575 484 1672 523 nihil

235 552 289 591 ad
319 550 592 591 narrationem
623 548 852 599 pertineant
871 548 963 599 ipse
988 548 1118 588 vides.
1176 546 1314 595 Quare
1336 558 1427 587 cum
1451 549 1672 600 pragmati-

236 627 377 657 corum
419 616 462 654 ut
501 615 555 654 ita
596 614 731 654 dicam
773 614 1060 654 historicorum
1096 613 1413 664 quaestionibus
1444 615 1672 664 comparari

237 681 453 731 nequeant,
484 688 576 718 cum
608 678 762 717 Livium
794 679 930 728 ipsum
961 679 1104 718 mirum
1130 679 1239 717 hunc
1260 678 1485 717 adnotandi
1517 689 1673 718 morem

236 744 452 786 induxisse
481 754 565 783 non
595 742 667 782 fiat
696 743 925 794 probabile,
965 744 1004 782 in
1036 743 1100 783 his
1131 753 1299 793 quoque
1330 743 1435 782 locis
1466 743 1673 782 annalium

235 809 481 859 scriptorum
512 808 856 848 consuetudinem
878 809 1085 858 respicere
1107 819 1199 847 eum
1221 808 1410 858 potuisse
1435 809 1673 857 putaverim.

345 872 474 912 Paulo
518 873 718 925 gravioris
761 873 814 912 ad
859 873 1130 912 narrationem
1181 873 1376 912 momenti
1425 874 1520 912 sunt
1567 884 1672 924 quae

236 939 424 990 leguntur
463 938 513 978 Vl
555 938 613 983 12,
644 938 762 978 2—6.
821 937 896 977 l-lic
940 938 1047 978 enim
1094 948 1176 977 rem
1219 940 1300 977 tam
1345 938 1485 977 miram
1536 938 1674 978 Livius

234 1004 411 1054 protulit,
441 1006 484 1043 ut
511 1003 648 1044 facere
679 1014 761 1043 non
803 1004 949 1054 possit,
991 1004 1088 1054 quin
1129 1013 1281 1043 causas
1311 1004 1402 1043 eius
1432 1004 1674 1043 sciscitetur.

235 1067 406 1116 Quaerit
433 1071 580 1117 autem,
610 1070 825 1120 quom0do
865 1068 953 1109 fieri
996 1069 1183 1120 potuerit,
1225 1072 1267 1108 ut
1296 1068 1437 1109 Volsci
1470 1071 1511 1108 et
1540 1068 1673 1120 Aequi

234 1135 385 1175 totiens
414 1135 509 1176 victi
538 1136 673 1175 tantas
703 1135 850 1186 copias
880 1136 1087 1186 cogerent,
1117 1134 1270 1175 veritus
1300 1134 1411 1174 haud
1442 1135 1579 1182 dubie,
1622 1145 1673 1174 ne

236 1200 288 1238 de
317 1200 400 1238 fide
431 1200 552 1239 huius
584 1200 710 1238 nuntii
752 1200 845 1249 quis
888 1199 1056 1248 dubitet,
1098 1199 1138 1238 id
1181 1200 1295 1250 quod
1339 1199 1419 1238 sibi
1449 1200 1530 1250 ipsi
1561 1200 1672 1240 acci-

235 1265 351 1305 disse
392 1264 614 1316 profitetur.
673 1262 802 1305 Cuius
844 1265 899 1304 rei
944 1264 1066 1304 variis
1110 1265 1262 1321 causis*
1290 1264 1424 1305 allatis
1466 1265 1505 1304 in
1542 1265 1671 1305 dubio

234 1330 483 1379 relinquens,
524 1332 653 1368 utrum
695 1340 802 1379 quae
844 1331 1020 1368 coniecit
1060 1330 1278 1379 probanda
1318 1331 1400 1369 sint
1440 1340 1583 1377 necne,
1618 1331 1670 1368 ad

236 1404 302 1434 res
342 1394 586 1444 interruptas
627 1394 837 1433 revertitur
876 1394 951 1434 ita:
992 1394 1136 1445 Ingens
1177 1397 1283 1434 certe
1317 1426 1324 1433 .
1355 1426 1363 1434 .
1394 1426 1401 1434 .
1438 1394 1670 1434 Volscorum

236 1459 437 1499 exercitus
468 1457 561 1509 fuit.
618 1457 881 1498 Discessisse
918 1459 1072 1498 Livium
1114 1460 1193 1498 hoc
1238 1470 1320 1498 uno
1366 1460 1460 1499 loco
1502 1470 1526 1498 a
1562 1460 1672 1499 nuda

235 1524 425 1565 narrandi
455 1524 611 1564 ratione
642 1535 725 1564 non
746 1526 810 1565 est
830 1535 902 1564 cur
922 1524 1132 1573 miremur;
1163 1527 1341 1565 ceterum
1364 1526 1397 1565 si
1429 1536 1511 1565 non
1543 1536 1671 1565 anna-

236 1591 332 1630 lium
357 1591 600 1641 scriptorem
631 1590 809 1640 aliquem
840 1592 1007 1630 atcerte
1030 1590 1318 1641 Thucydidem
1350 1591 1389 1629 in
1421 1591 1565 1630 eadem
1587 1590 1672 1630 fere

237 1665 364 1696 causa
404 1656 701 1696 necessitudini
744 1658 908 1696 constat
947 1656 1147 1707 paruisse.
1219 1654 1300 1703 Qui
1332 1655 1672 1708 (V11187,2—5)

234 1720 541 1771 Tissaphernes
572 1732 656 1771 quo
687 1721 865 1761 consilio
896 1731 1029 1772 usque
1059 1720 1301 1761 Asbendum
1345 1732 1473 1761 naves
1515 1722 1676 1761 duxerit

234 1786 403 1836 quaerit,
433 1785 487 1825 ita
517 1788 559 1826 ut
589 1786 649 1834 iis,
690 1796 797 1837 quae
838 1786 905 1825 alii
945 1787 998 1826 de
1029 1797 1077 1826 ea
1108 1797 1149 1826 re
1180 1786 1523 1837 disceptaverant,
1553 1797 1674 1837 prae-

235 1850 376 1890 missis
417 1850 517 1901 quid
560 1851 650 1901 ipse
693 1850 745 1890 de
786 1851 942 1890 itineris
983 1851 1161 1893 consilio
1204 1851 1353 1891 sentiat
1396 1852 1562 1902 aperiat,
1592 1862 1675 1902 qua

235 1916 480 1966 quaestione
512 1915 705 1956 absoluta
734 1916 872 1956 verbis
913 1916 965 1956 ad
1007 1917 1268 1967 propositum
1299 1917 1444 1957 transit
1478 1917 1564 1957 his:
1606 1914 1676 1963 Ἐς

163 1986 165 1988 ’
234 1977 271 2017 δ’
302 1977 370 2018 οὖν
398 1980 469 2031 τὴν
492 1977 710 2029 ’Ἀσβενδον
740 1978 843 2030 ᾗτινι
872 1979 919 2031 δὴ
949 1983 1084 2032 γνώμῃ
1115 1980 1355 2031 ἀφικνεῖται.

346 2045 482 2086 Livius
523 2046 631 2086 sicut
670 2046 722 2085 de
764 2046 940 2086 virorum
983 2046 1204 2098 insignium
1248 2046 1388 2087 indole
1419 2048 1458 2087 et
1488 2048 1673 2088 moribus

234 2112 289 2150 ita
319 2112 371 2151 de
401 2113 631 2162 temporum
673 2112 813 2151 indole
855 2113 894 2151 et
932 2112 987 2151 rei
1018 2112 1212 2161 publicae
1243 2114 1350 2151 statu
1382 2123 1465 2151 non
1496 2123 1672 2153 excursu

234 2186 259 2215 a
288 2177 508 2227 proposito
537 2176 646 2216 facto
678 2177 754 2216 sed
786 2187 837 2215 eo
868 2176 995 2216 modo
1027 2176 1186 2223 edocet,
1216 2178 1258 2214 ut
1282 2176 1446 2228 singula
1467 2178 1671 2217 narrando

236 2241 360 2282 nobis
382 2242 541 2282 illorum
564 2242 783 2294 imaginem
805 2242 1054 2294 cogitatione
1077 2241 1301 2293 eitingendi
1319 2242 1517 2292 praebeat
1539 2242 1671 2282 facul-

232 2309 367 2347 tatem.
425 2307 487 2347 Ne
517 2308 634 2347 dicas
665 2307 884 2347 abhorrere
926 2307 978 2346 ab
1020 2308 1096 2346 hac
1127 2306 1428 2346 consuetudine
1459 2317 1566 2357 quae
1597 2308 1671 2346 ha-

237 2373 383 2412 bentur
411 2372 536 2412 XXVI
557 2372 620 2420 37,
651 2383 825 2423 quorum
857 2373 911 2412 ita
939 2372 985 2412 fit
1014 2372 1190 2413 initium:
1219 2371 1361 2422 Neque
1381 2371 1498 2411 aliud
1516 2374 1673 2423 tempus

345 2524 373 2565 ¹)
397 2522 570 2557 Conteras
595 2532 688 2571 quae
713 2523 759 2557 de
784 2524 852 2557 hoc
877 2523 959 2557 loco
989 2524 1016 2567 J.
1041 2522 1163 2562 Bruns,
1188 2521 1476 2563 Persdnlichkeit‚
1511 2525 1674 2558 accurate

234 2578 403 2618 exposuit
427 2587 507 2620 pag.
530 2578 582 2611 48.
697 2586 700 2588 ’

301 2641 476 2668 Theissen.
1457 2645 1479 2677 4
