1868 3093
826 204 989 242 -74
1047 227 1091 231 --

232 312 308 351 tibi
343 313 482 351 veniat
517 313 557 351 in
594 314 773 351 mentem
815 313 868 351 ad
912 313 1021 353 hunc
1064 313 1202 353 locum
1233 310 1415 353 Sallustii
1453 312 1688 364 exemplum

233 377 429 417 valuisse.
493 375 625 417 Cuius
667 377 926 427 suspicionis
966 377 1078 427 fides
1119 387 1373 430 magnopere
1413 379 1586 429 augetur
1626 387 1690 425 eo,

233 442 350 492 quod
386 442 563 482 servatis
598 442 848 483 excursibus
878 440 1144 484 Sallustianis
1179 454 1264 483 non
1305 442 1438 483 forma
1477 443 1615 483 solum
1651 445 1691 483 et

233 507 392 546 ratione
423 507 547 558 plane
577 507 781 558 congruit,
811 508 889 547 sed
920 507 1002 547 loci
1034 519 1205 559 quoque
1235 508 1394 548 similes
1419 508 1689 554 inveniuntur,

233 569 320 611 Sed
363 571 463 622 quid
500 572 636 612 multa.

703 572 757 613 Ut
797 573 890 623 ipse
930 572 1004 612 tibi
1048 573 1319 624 persuadeas,
1361 584 1468 624 quae
1509 574 1562 613 ad
1604 582 1688 614 rem

232 636 544 677 diiudicandam
575 637 789 678 sufficiunt
818 638 1133 689 componam:¹)

453 712 552 753 Tac.
583 713 613 753 11
644 713 708 754 38.

295 789 414 829 Vetus
444 800 494 830 ac
515 790 598 830 iam
619 791 782 841 pridem
803 790 928 831 insita

231 854 478 895 mortalibus
518 857 732 906 potentiae
778 856 927 906 cupido

231 930 323 959 cum
345 921 505 970 imperii
523 921 805 972 magnitudine
821 922 928 961 ado-

233 986 330 1025 levit
357 986 585 1037 erupitque3

289 1061 385 1090 nam
417 1051 541 1090 rebus
568 1052 742 1091 modicis
772 1062 924 1101 aequa·

232 1116 331 1155 litas
351 1114 483 1165 facile
511 1115 754 1155 habebatur.

286 1374 373 1415 Sed
418 1375 490 1415 ubi
531 1376 704 1416 subacto
747 1376 847 1415 orbe
888 1379 926 1416 et

231 1440 405 1479 aemulis
430 1440 601 1480 urbibus
622 1440 836 1492 regibusve
857 1451 923 1480 ex-

231 1506 329 1545 cisis
369 1516 540 1545 securas
577 1517 677 1556 opes
707 1507 923 1556 concupis-

232 1581 323 1611 cere
352 1581 524 1611 vacuum
541 1570 635 1621 fuit,
660 1572 799 1621 prima
821 1572 925 1611 inter

224 1639 373 1687 patres
419 1636 645 1687 plebesque
698 1637 924 1677 certamina

231 1712 424 1741 exarsere
455 1733 463 1741 .
494 1733 502 1741 .
533 1733 540 1740 .

286 1831 375 1872 Sed
383 1843 447 1871 me
461 1835 636 1871 veterum
646 1842 925 1881 novorumque

230 1907 391 1937 morum
413 1897 619 1947 reputatio
640 1897 803 1948 longius
817 1896 924 1936 tulit:

229 1973 337 2003 nunc
358 1963 418 2002 ad
434 1973 569 2002 rerum
589 1963 773 2002 ordinem
786 1962 921 2002 redeo.

1164 712 1260 756 Sall.
1291 713 1373 766 lug.
1401 714 1466 763 41,
1486 714 1524 755 2.

1055 789 1241 832 Ceterum
1276 801 1366 831 mos
1395 791 1578 841 partium
1608 802 1687 841 po-

990 856 1201 906 pularium
1219 859 1260 896 et
1270 859 1441 896 senatus
1454 854 1687 906 factionum

998 953 1030 961 ..
1053 953 1061 961 .
1086 921 1237 972 paucis
1267 923 1362 962 ante
1391 921 1512 961 annis
1531 919 1688 964 Romae

997 989 1112 1026 ortus
1142 989 1205 1026 est
1232 1017 1239 1025 .
1270 1017 1277 1024 .
1309 1018 1317 1026 .

1050 1061 1146 1090 nam
1160 1053 1255 1090 ante
1272 1050 1565 1101 Carthaginem
1580 1051 1686 1090 dele-

994 1118 1078 1155 tam
1108 1115 1291 1165 populus
1326 1118 1367 1155 et
1397 1118 1567 1155 senatus
1600 1114 1686 1157 Ro-

993 1191 1142 1220 manus
1194 1180 1364 1231 placide
1422 1180 1686 1232 modesteque

994 1246 1097 1285 inter
1124 1257 1170 1285 se
1200 1256 1283 1285 rem
1297 1239 1510 1296 publicam
1530 1248 1682 1286 tracta-

994 1310 1095 1351 bant
1124 1343 1131 1350 .
1162 1343 1170 1350 .
1202 1342 1211 1351 .

1048 1374 1136 1416 Sed
1162 1375 1234 1415 ubi
1252 1376 1323 1415 illa
1336 1375 1521 1426 formido
1542 1377 1682 1415 menti-

993 1439 1071 1480 bus
1099 1440 1282 1488 decessit‚
1312 1440 1470 1481 scilicet
1487 1451 1548 1487 ea,
1578 1451 1686 1491 quae

994 1516 1060 1545 res
1088 1506 1296 1546 secundae
1326 1508 1479 1552 amant,
1514 1506 1685 1545 lascivia

993 1573 1117 1621 atque
1145 1571 1341 1621 superbia
1370 1571 1573 1611 incessere
1599 1602 1606 1610 .
1637 1602 1645 1610 .
1676 1601 1684 1610 .

993 1636 1060 1687 (cf.
1103 1637 1226 1676 etiam
1269 1634 1355 1677 Cat.
1390 1636 1455 1676 10:
1498 1636 1576 1676 sed
1615 1635 1687 1675 ubi

993 1702 1182 1741 nationes
1210 1700 1332 1752 ferae
1368 1704 1408 1741 et
1432 1701 1583 1751 populi
1620 1701 1683 1740 in-

988 1769 1134 1817 gentes
1163 1767 1203 1806 vi
1229 1766 1393 1807 subacti
1420 1798 1428 1806 .
1459 1798 1466 1806 .
1497 1765 1535 1818 .).

1048 1830 1136 1871 Sed
1176 1832 1227 1871 de
1260 1831 1410 1871 studiis
1431 1831 1615 1881 partium
1646 1834 1685 1870 et

992 1898 1125 1936 omnis
1179 1897 1354 1937 civitatis
1410 1894 1594 1936 moribus
1647 1896 1686 1935 si

990 1962 1228 2013 singillatim
1281 1965 1356 2002 aut
1391 1972 1473 2012 pro
1519 1961 1682 2012 magni-

991 2028 1130 2067 tudine
1136 2037 1284 2077 parem
1299 2027 1510 2069 disserere,
1525 2029 1683 2076 tempus

990 2103 1114 2143 quam
1131 2103 1198 2131 res
1217 2092 1419 2132 maturius
1434 2101 1498 2131 me
1511 2090 1680 2131 deseret.

990 2168 1115 2208 quam
1157 2156 1209 2197 ob
1256 2167 1339 2196 rem
1376 2156 1436 2196 ad
1478 2156 1679 2206 inceptum

954 2260 956 2274 ,
989 2222 1123 2262 redeo.

340 2321 555 2361 Extremae
576 2321 709 2361 Taciti
732 2321 984 2373 digressioni
1007 2321 1128 2360 etiam
1150 2321 1264 2368 haec,
1286 2320 1439 2371 quibus
1453 2318 1676 2360 Sallustius

230 2387 444 2437 Iugurthae
476 2387 736 2437 prooemium
774 2386 997 2432 concludit,
1029 2386 1124 2425 licet
1159 2395 1400 2436 comparare
1430 2384 1528 2436 (lug.
1556 2385 1595 2433 4,
1615 2384 1674 2433 9):

235 2451 376 2492 Verum
398 2462 473 2502 ego
494 2451 663 2492 liberius
681 2451 886 2502 altiusque
901 2451 1100 2501 processi,
1122 2450 1217 2491 dum
1238 2461 1301 2491 me
1321 2450 1497 2490 civitatis
1516 2460 1675 2489 morum

222 2518 344 2567 piget
371 2517 611 2567 taedetque.-
640 2527 747 2557 nunc
772 2516 832 2556 ad
849 2517 1050 2567 inceptum
1072 2516 1206 2556 redeo.
1246 2515 1384 2555 Artam
1405 2516 1526 2567 igitur
1545 2514 1677 2555 Taciti

319 2616 345 2655 ¹)
370 2613 463 2647 coni.
488 2614 571 2648 Tac.
597 2614 676 2649 hist.
700 2614 757 2648 ed.
781 2614 818 2647 Ε.
835 2613 955 2655 Wolff,
978 2613 1094 2648 Berol.
1118 2622 1148 2646 a.
1176 2612 1269 2653 1881,
1293 2621 1373 2654 pag.
1394 2611 1454 2645 183
1479 2612 1559 2646 adn.
1580 2613 1591 2645 l
1613 2621 1678 2654 sq„

227 2669 288 2703 ubi
311 2667 440 2710 singuli
465 2667 534 2701 loci
563 2668 650 2702 inter
672 2667 832 2702 Tacitum
862 2668 897 2701 et
919 2667 1119 2702 Sallustium
1150 2667 1391 2709 congruentes
1420 2667 1679 2709 comparantur.
