1868 3093
755 199 1027 239 -43—

280 302 363 344 Sed
395 305 502 345 duae
533 315 635 346 sane
676 307 716 346 in
759 307 874 347 libris
905 307 1084 347 Livianis
1126 307 1264 346 insunt
1305 306 1609 356 descriptiones

170 371 481 410 consummatae
512 372 551 411 et
580 371 809 420 absolutae,
839 382 946 423 quae
977 371 1193 423 quomodo
1225 370 1499 421 explicandae
1530 372 1611 411 sint

169 434 396 476 videamus.
454 435 586 487 Atque
616 436 743 477 altera
771 437 939 489 quidem
971 437 1148 478 occurrit
1177 435 1228 476 IX
1253 435 1312 484 16,
1342 436 1510 484 12—19,
1541 436 1610 476 ubi

170 500 223 540 de
253 500 404 552 Papirii
436 499 641 550 Cursoris,
671 513 794 553 quem
818 503 1067 554 triumphum
1098 502 1293 552 adeptum
1326 511 1422 541 esse
1453 501 1611 548 rettulit,

169 567 210 604 et
238 566 395 606 viribus
425 567 615 618 corporis
635 568 873 620 ingeniique
892 568 1157 608 facultatibus
1188 569 1227 606 et
1257 577 1406 618 magna
1427 567 1609 606 bellandi

169 630 314 671 virtute
358 631 476 682 plura
518 632 767 682 praebentur
810 644 933 684 quam
982 634 1035 672 ad
1085 632 1406 684 intellegendum
1454 633 1610 671 tantum

170 695 369 735 honorem
414 697 451 735 ei
491 697 684 736 tributum
723 697 966 750 flagitantur.
1024 696 1158 736 Prima
1189 697 1356 747 quidem
1387 698 1500 747 parte
1531 697 1609 735 nisi

170 770 230 807 ea,
261 761 414 811 quibus
443 763 650 813 triumpho
681 773 774 803 eum
806 763 975 815 dignum
1005 763 1136 802 fuisse
1162 763 1334 812 apparet
1349 761 1392 813 1),
1423 773 1506 801 non
1537 772 1610 801 ex-

170 825 370 875 hibentur,
410 827 487 866 sed
530 837 636 878 quae
677 828 931 879 procedente
973 837 1162 875 excursu,
1192 827 1257 866 cui
1292 826 1357 866 vel
1389 826 1473 866 duo
1503 826 1611 866 facta

170 891 403 932 inseruntur
431 893 484 933 ad
514 894 772 934 severitatem
803 895 893 934 eius
933 893 1176 944 imperiique
1215 893 1296 932 vim
1327 892 1609 932 illustrandam

171 957 333 1004 idonea,
365 958 634 1009 proferuntur,
661 969 710 998 ea
731 959 896 999 minime
918 959 1014 998 illuc
1036 959 1236 1009 spectant.
1294 955 1428 1004 Quem
1460 957 1609 997 ducem

169 1032 296 1071 quare
337 1023 445 1062 adeo
488 1023 626 1064 Livius
668 1024 904 1071 laudaverit,
947 1024 987 1063 id
1029 1024 1070 1063 in
1115 1024 1296 1062 extrema
1325 1022 1608 1072 descriptione

170 1088 449 1138 cognoscitur,
490 1088 560 1128 ubi
603 1088 875 1129 affirmavisse
917 1087 1142 1128 nonnullos
1173 1086 1409 1128 Alexandro
1440 1087 1609 1139 Magno,

169 1152 204 1191 si
237 1152 390 1193 bellum
421 1153 611 1204 Europae
642 1154 859 1202 intulisset,
879 1153 1087 1205 Papirium
1118 1165 1201 1193 non
1233 1163 1448 1193 cessurum
1478 1152 1608 1193 fuisse

169 1218 349 1258 adnotat.
407 1216 572 1265 Quibus
612 1219 751 1259 verbis
793 1219 1015 1259 deflectere
1057 1218 1213 1258 Livium
1255 1218 1515 1258 manifestum
1547 1220 1611 1258 est

169 1283 221 1322 ad
271 1285 623 1335 comparationem
672 1285 971 1336 insequentem,
1020 1285 1072 1324 ad
1121 1295 1244 1336 quam
1304 1284 1608 1324 levissimorum

171 1347 424 1389 Graecorum
455 1361 547 1391 eum
579 1351 846 1391 incitaverant
880 1351 1021 1402 iniqua
1057 1350 1220 1398 iudicia,
1251 1350 1404 1401 quibus
1436 1349 1608 1391 Romani

170 1426 253 1454 non
294 1415 531 1456 Alexandro
573 1417 700 1456 modo
741 1417 817 1457 sed
859 1418 980 1456 etiam
1017 1415 1176 1456 Parthis
1218 1418 1333 1456 erant
1373 1416 1610 1466 postpositi.

170 1479 203 1520 A
233 1481 372 1532 pravis
413 1482 477 1522 his
519 1482 684 1523 iudiciis
725 1481 936 1525 Romanos
976 1482 1118 1523 tuendi
1162 1481 1396 1522 facultatem
1427 1481 1506 1521 iam
1539 1481 1608 1521 diu

171 1547 399 1597 quaesitam
444 1548 520 1592 hic,
561 1548 631 1587 ubi
672 1548 802 1588 virum
838 1548 946 1588 illius
976 1548 1134 1596 aetatis,
1164 1558 1248 1597 qua
1276 1547 1390 1586 nulla
1420 1547 1607 1586 vittatam

161 1610 349 1662 feracior
367 1611 461 1663 fu1't,
491 1613 889 1663 praestantissimum
920 1613 1044 1652 nobis
1074 1613 1281 1664 proponit,
1315 1612 1395 1651 sibi
1427 1612 1607 1651 oblatam

170 1678 385 1717 existimat.
442 1677 486 1717 ld
517 1679 624 1718 enim
656 1679 696 1717 in
726 1679 870 1729 primis
900 1679 1063 1717 enititur
1091 1679 1131 1717 et
1160 1678 1384 1724 contendit,
1428 1679 1470 1715 ut
1499 1677 1609 1716 illius

169 1742 368 1794 temporis
390 1742 601 1785 Romanos
623 1744 755 1784 duces
775 1743 1010 1784 Alexandro
1041 1753 1164 1794 pares
1193 1743 1324 1783 fuisse
1355 1743 1610 1782 demonstret

170 1819 306 1859 eoque
348 1819 440 1848 cum
483 1810 658 1849 maxime
702 1810 854 1849 iudicia
894 1809 963 1848 illa
993 1809 1158 1849 refellat.
1217 1807 1343 1856 Quod
1374 1811 1417 1847 ut
1446 1808 1609 1854 efficiat,

170 1884 262 1913 cum
305 1874 357 1914 de
400 1875 594 1915 omnibus
639 1875 819 1916 ducibus
859 1886 892 1915 c.
928 1875 985 1923 18,
1014 1875 1041 1915 8
1081 1875 1260 1915 inductis
1302 1876 1491 1914 accurate
1536 1885 1608 1914 ex-

169 1951 326 1990 ponere
356 1940 524 1993 longum
554 1942 617 1989 sit,
647 1942 700 1982 de
730 1942 852 1982 unius
882 1942 1004 1981 huius
1028 1940 1178 1992 Papirii
1210 1942 1313 1981 inter
1342 1943 1505 1981 ceteros
1536 1951 1607 1980 ex-

171 2005 356 2045 cellentis
387 2006 568 2052 bellandi
610 2007 755 2047 virtute
796 2007 964 2047 uberius
1006 2007 1173 2047 disserit
1216 2008 1337 2057 atque
1369 2008 1449 2046 hoc
1481 2006 1607 2045 modo

170 2081 370 2111 excursus
400 2072 697 2123 subsequentis
725 2075 933 2123 tamquam
962 2072 1273 2112 fundamentum
1303 2072 1431 2122 ponit.

280 2146 415 2198 Ipsius
456 2150 589 2188 autem
633 2149 955 2199 comparationis
997 2149 1237 2199 priusquam
1282 2149 1438 2187 initium
1474 2148 1607 2193 sumit,

170 2223 342 2262 prorsus
373 2213 450 2261 hic,
480 2213 633 2265 quibus
663 2214 704 2253 in
734 2213 859 2255 rebus
890 2214 1153 2265 exponendis
1184 2225 1230 2254 se
1256 2214 1475 2254 obstrinxit
1503 2213 1606 2265 legi-

170 2278 260 2325 bus,
302 2289 440 2318 earum
482 2289 528 2319 se
571 2279 762 2319 oblivisci
804 2279 883 2319 sibi
926 2279 1124 2319 conscius
1160 2281 1202 2318 ut
1231 2279 1428 2318 rationem
1459 2278 1608 2328 probet

170 2343 352 2392 enititur;
383 2343 534 2384 deinde
565 2345 733 2396 quaerit,
762 2344 928 2396 quinam
958 2347 1122 2386 eventus
1160 2343 1358 2386 Romanis
1397 2342 1530 2390 rebus,
1571 2344 1612 2383 si

170 2418 259 2449 cum
287 2409 524 2450 Alexandro
546 2409 662 2461 soret
688 2410 892 2457 bellatum,
914 2409 1083 2461 futurus
1103 2408 1241 2460 fuerit,
1276 2409 1341 2448 cui
1372 2409 1608 2459 quaestioni

169 2475 305 2514 statim
335 2475 389 2515 ita
419 2475 645 2526 respondit,
687 2477 730 2515 ut
770 2477 810 2516 et
849 2475 1018 2515 militum
1060 2474 1206 2526 copias
1247 2476 1287 2514 et
1316 2474 1607 2525 imperatorum

280 2618 304 2658 ¹)
329 2616 526 2651 Concinunt
549 2618 660 2651 verba
683 2625 705 2651 a
728 2616 858 2659 quibus
882 2624 1055 2651 excursus
1089 2615 1220 2649 initium
1254 2616 1400 2650 sumitur
1424 2617 1529 2650 haec:
1565 2616 1611 2650 Et

161 2670 239 2711 suit
261 2672 316 2705 vir
336 2671 439 2706 haud
459 2671 567 2705 dubie
590 2671 722 2714 dignus
745 2672 845 2705 omni
868 2670 995 2705 bellica
1019 2670 1135 2704 laude.
