1868 3093
790 240 841 244 -
898 217 951 257 55
1009 240 1059 244 -

205 327 344 366 inania
362 326 484 366 facile
505 328 569 365 est
589 326 641 366 ad
664 326 984 378 intellegendum
993 339 1003 375 ;
1024 337 1160 378 neque
1178 327 1285 366 enim
1303 326 1436 378 magis
1454 328 1642 365 eventum

207 392 302 431 belli
346 393 518 441 apparet
558 392 780 431 cohaerere
822 403 913 431 curn
951 393 1076 431 rebus
1108 391 1305 434 Romanis
1335 402 1458 442 quam
1490 391 1642 430 bellum

205 457 353 507 ipsum.
424 454 481 498 Re
527 457 633 495 enim
678 467 775 496 vera
819 457 916 507 quia
959 458 1000 495 in
1044 458 1125 496 hoc
1167 457 1271 496 libro
1317 458 1369 496 de
1411 456 1643 496 Hannibale

204 531 373 572 quoque
404 522 444 561 et
474 519 672 573 Scipione
703 522 853 562 eodem
874 521 958 562 fere
979 524 1165 573 tempore
1187 523 1357 562 mortuis
1388 521 1440 573 (c.
1460 521 1642 574 51—52)

205 587 242 625 ei
295 587 541 625 narrandum
595 589 668 634 est,
721 587 877 626 idcirco
925 588 965 626 in
1009 586 1350 637 Philopoemenis
1391 589 1519 626 morte
1559 588 1641 626 tarn

206 651 423 703 diligenter
451 652 700 703 explicanda
728 654 922 692 versatur.
975 652 1178 692 Videlicet
1207 653 1474 692 occasionem
1507 654 1642 703 captat

205 717 257 756 de
275 718 595 757 clarissimorum
614 718 776 765 ducum,
795 717 1146 769 Philopoemenis,
1162 718 1416 765 Hannibalis,
1431 716 1641 768 Scipionis

203 783 309 821 vitae
331 784 440 822 exitu
462 794 513 822 ex
534 784 679 823 ordine
701 784 948 831 disserendi,
978 784 1124 834 quales
1146 784 1476 833 compositiones
1497 784 1641 822 aetatis

204 846 505 887 Alexandrinae
522 848 751 899 scriptores
769 858 877 899 quos
893 850 1045 888 vocant
1060 848 1193 888 elatos
1210 848 1249 887 in
1267 848 1428 888 deliciis
1443 847 1641 887 habuisse

204 914 369 952 constat
387 912 427 964 ¹).
486 912 632 964 Neque
674 915 808 953 tamen
851 914 989 953 Livius
1030 914 1190 953 illorum
1232 914 1410 952 virorum
1452 914 1641 952 eventum

206 977 362 1027 primus
394 979 641 1029 composuit,
672 979 795 1018 immo
817 979 1051 1029 exemplum
1078 979 1273 1029 sequitur,
1303 980 1345 1017 ut
1365 978 1456 1028 ipse
1478 989 1511 1017 c.
1532 978 1595 1026 52,
1621 979 1634 1017 l

203 1045 509 1092 commemorat,
541 1043 715 1095 Polybii,
746 1043 892 1091 Rutilii,
922 1043 1107 1091 Antiatis,
1137 1054 1246 1094 quos
1271 1042 1640 1094 Philopoemenem

202 1118 299 1146 cum
331 1108 561 1148 Hannibale
593 1110 632 1148 et
663 1107 861 1159 Scipione
891 1109 1140 1159 aequavisse
1162 1108 1376 1159 profitetur
1405 1110 1454 1156 (c.
1475 1108 1538 1155 51,
1565 1108 1640 1159 10).

312 1172 480 1216 Restant
512 1174 747 1225 complures
779 1175 848 1226 qui
879 1174 931 1214 ad
963 1174 1241 1225 antiquitatem
1264 1175 1455 1225 spectant
1476 1174 1568 1219 loci,
1599 1178 1641 1214 ut

201 1250 348 1279 omnes
406 1251 607 1280 excursus
657 1240 810 1280 Liviani
868 1241 950 1279 sint
997 1241 1238 1290 pertractati.
1311 1237 1481 1279 Summo
1531 1240 1638 1279 enim

200 1305 354 1354 patriae
396 1307 524 1346 amori
567 1317 650 1346 non
694 1306 829 1346 minus
868 1316 1058 1357 magnam
1090 1306 1287 1345 maiorum
1319 1307 1359 1344 et
1387 1305 1639 1356 antiquitatis

200 1370 511 1410 admirationem
544 1373 583 1410 in
614 1371 727 1411 Livio
758 1371 887 1411 fuisse
920 1373 1192 1418 coniunctam,
1223 1372 1264 1410 id
1296 1381 1387 1410 curn
1419 1381 1470 1410 ex
1491 1372 1637 1421 paucis

201 1434 306 1474 locis
336 1445 463 1486 supra
492 1436 625 1476 allatis
655 1438 739 1476 tum
770 1447 822 1476 ex
851 1437 981 1487 prima
1010 1436 1234 1487 praecipue
1260 1436 1454 1475 librorum
1477 1436 1636 1476 decade

199 1502 477 1551 cognoscitur,
519 1501 588 1540 ubi
631 1502 727 1540 dum
769 1512 792 1540 a
834 1501 1126 1551 praesentibus
1164 1501 1282 1540 malis
1319 1502 1456 1540 animo
1487 1511 1635 1540 averso

199 1575 266 1604 res
303 1566 494 1617 antiquas
530 1576 693 1606 summo
724 1568 863 1606 studio
895 1567 1065 1618 exponit
1093 1566 1342 1618 aliquotiens
1374 1566 1636 1619 digressione

199 1640 223 1669 a
252 1632 471 1681 proposito
512 1632 619 1671 facta
660 1633 712 1671 de
755 1633 805 1672 iis
847 1634 939 1683 agit.
996 1632 1129 1671 Veluti
1165 1632 1198 1671 V
1229 1633 1420 1679 21‚8—9
1455 1632 1635 1671 fabulam

199 1696 417 1746 quandam,
449 1697 524 1737 etsi
557 1707 662 1748 quae
694 1697 891 1749 probetur
920 1699 989 1737 aut
1018 1696 1222 1737 refellatur
1252 1708 1334 1737 non
1358 1697 1524 1750 dignam
1547 1707 1636 1737 eam

199 1764 352 1814 censet,
395 1763 473 1802 sibi
518 1764 753 1803 addendam
796 1774 891 1803 esse
923 1764 1137 1811 existimat,
1179 1765 1217 1803 et
1246 1763 1312 1802 Vll
1347 1763 1630 1810 10,11—11‚1

199 1826 305 1878 legis
346 1837 428 1877 qua
458 1827 571 1867 licuit
608 1829 841 1880 imperatori
872 1838 918 1869 se
950 1828 1085 1879 ipsum
1116 1830 1184 1867 aut
1213 1827 1439 1879 quemlibet
1469 1828 1635 1868 militem

198 1892 404 1932 devovere
448 1904 651 1933 summam
693 1895 845 1934 subicit
881 1904 1069 1941 excursu,
1111 1895 1227 1933 cuius
1259 1894 1456 1933 rationem
1488 1895 1638 1944 probat

197 1958 337 1998 verbis
366 1959 431 1998 his
462 1961 602 1999 notatu
634 1960 793 2011 dignis:
821 1959 936 1999 Haec
966 1960 1044 1999 etsi
1070 1959 1201 1998 omm‘s
1237 1958 1365 1999 divini
1390 1959 1637 2009 humaanue

197 2024 325 2063 moris
353 2025 552 2064 memort'a
582 2024 767 2071 abolevit,
796 2036 903 2064 nova
925 2025 1229 2076 peregrinaque
1258 2025 1396 2064 omm'a
1408 2025 1562 2076 prisciS
1587 2035 1636 2064 ac

190 2090 344 2138 patriis
367 2089 653 2141 praeferendo,
683 2091 799 2130 haud
826 2090 879 2130 ab
909 2101 953 2130 re
982 2090 1083 2130 duxi
1110 2090 1242 2130 verbis
1271 2101 1433 2141 quoque
1453 2091 1563 2141 ipsis,
1594 2093 1639 2130 ut

196 2155 353 2195 tradila
390 2159 705 2206 nuncupataque
745 2159 849 2203 sunt,
885 2155 1046 2207 referre.
1104 2156 1263 2196 Eodem
1295 2158 1484 2207 spectant
1513 2157 1634 2207 pauci

198 2219 289 2268 loci,
321 2221 474 2271 quibus
495 2222 698 2272 praeteriti
723 2222 922 2273 temporis
944 2223 1142 2262 memoria
1163 2222 1365 2273 repetitur.
1415 2220 1633 2262 Sacrorum

306 2362 329 2402 ¹)
355 2362 477 2396 confer
511 2362 548 2395 E.
582 2363 728 2397 Norden
765 2363 986 2406 (Einleitung,
1022 2371 1102 2405 pag.
1138 2363 1232 2404 583):
1268 2361 1343 2396 Das
1374 2362 1466 2395 tiihrt
1495 2361 1553 2395 auf
1577 2362 1633 2395 die

196 2416 458 2450 liellenistische
484 2416 917 2460 Geschichtsschreibung
951 2418 1023 2451 und
1059 2418 1147 2451 iiber
1182 2418 1282 2451 diese
1317 2417 1437 2450 hinaut
1459 2416 1634 2450 vielleicht

194 2471 306 2504 sehon
331 2471 389 2504 auf
404 2471 674 2514 Theopompus.
711 2472 831 2506 Selbst
855 2471 1027 2515 Polybios
1044 2497 1053 2505 .
1070 2501 1077 2507 .
1096 2498 1103 2505 .
1121 2473 1238 2506 macht
1253 2472 1328 2506 hier
1344 2472 1613 2505 Konzessionen
1628 2485 1634 2503 ι

195 2526 228 2557 in
267 2525 337 2558 den
362 2525 628 2560 Schlussworten
664 2536 736 2560 von
770 2525 809 2559 B.
834 2527 859 2559 ll
883 2528 962 2569 sagt
997 2535 1035 2560 er
1059 2527 1149 2560 nach
1174 2527 1396 2568 Erwaihnung
1420 2526 1486 2559 des
1509 2526 1633 2559 Todes

195 2582 260 2616 des
281 2578 479 2622 Antigonos
495 2580 634 2622 Doson,
654 2580 871 2615 Ptolemaios
887 2581 1094 2623 Euergetes,
1111 2579 1287 2614 Seleukos
1303 2580 1462 2613 Nikator:
1479 2579 1635 2619 καθῆκον

193 2638 236 2667 ἂν
260 2637 308 2675 εἴη
326 2662 332 2668 .
351 2661 356 2667 .
377 2661 385 2668 .
402 2638 456 2666 καὶ
478 2638 541 2675 τὴν
563 2634 685 2676 βίβλον
707 2640 835 2675 ταύτην
856 2636 1030 2678 ἀφορίζειν
1051 2634 1252 2667 ἀκολούθως
1275 2640 1316 2674 τῇ
1331 2647 1367 2665 ’τε
1384 2640 1455 2664 τῶν
1471 2646 1633 2677 προγεγο-

196 2695 309 2722 νότων
333 2697 520 2733 περιγραφῇ
543 2694 596 2721 καὶ
619 2697 660 2731 τῇ
677 2697 748 2721 τῶν
771 2694 1003 2731 κεχειρικότων
1024 2693 1065 2721 τὰ
1082 2693 1149 2732 πρὸ
1166 2696 1227 2720 τοῦ
1245 2688 1423 2720 δυναστῶν
1438 2696 1635 2732 κατασροᾳῇ
