1868 3093
809 155 1074 194 ,16-

214 264 385 310 decoris,
415 265 491 304 secl
515 265 692 305 maxime
711 265 903 306 severita-
1030 266 1085 313 τῷ
1129 262 1169 301 δὲ
1217 263 1311 314 ἤθει
1351 264 1454 302 κατὰ
1488 263 1558 315 τῂν
1594 272 1665 302 τοῦ

213 330 265 368 tis
295 332 394 377 erat,
426 359 433 366 .
455 361 463 368 .
485 361 492 368 .
514 340 604 369 esse
633 340 757 380 quam
779 330 908 369 videri
974 329 1093 380 λόγου
1124 328 1324 381 διαφορὰν
1347 327 1367 365 ὁ
1386 327 1458 377 μὲν
1481 328 1664 380 ἐπιεικὴς

213 394 347 434 bonus
381 394 582 435 malebat:
623 395 680 434 ita
712 394 787 445 (I),
824 406 904 445 qao
974 395 1041 432 καὶ
1079 400 1228 445 πρᾷος,
1272 392 1293 430 ὁ
1334 393 1376 431 δὲ
1417 393 1568 444 τραχὺς
1597 395 1661 432 καὶ

213 459 346 498 minas
396 459 568 509 petebat
616 459 803 509 gloriam,
857 471 904 500 eo
939 463 941 504 l
974 458 1211 511 θυμοειδής,
1244 459 1345 497 ὥστε
1376 460 1427 507 (l)
1458 488 1465 496 .
1496 488 1504 496 .
1535 488 1542 496 .

213 525 348 576 magis
378 524 490 565 illam
522 525 839 576 adsequebatur.
939 507 941 560 1

326 602 421 640 Νοη
445 602 585 641 inutile
608 602 768 643 videtur
789 602 988 647 adhibere
1011 603 1076 641 hic
1099 601 1368 652 comparandi
1391 611 1519 647 causa
1539 600 1661 647 alium

214 667 424 716 quendam
457 666 652 714 libellum,
684 667 723 706 in
756 678 837 718 qua
871 667 1039 707 rationis
1071 667 1180 706 illius
1212 665 1521 706 Posidonianae
1553 668 1663 711 certa

214 735 376 772 exstant
417 732 609 783 vestigia:
653 732 749 772 dico
793 731 966 783 Pompei
1008 732 1135 785 Trogi
1181 732 1375 773 historias
1406 730 1664 782 Philippicas

214 798 253 836 in
285 799 505 848 angustum
538 799 708 837 coactas
734 808 757 837 a
789 797 955 840 Iustino.
1014 797 1147 839 Huius
1183 798 1291 838 enim
1321 796 1448 849 Trogi
1480 797 1663 837 historiis

214 874 298 903 non
330 863 466 903 solum
497 863 701 915 imagines
733 864 956 916 insignium
987 864 1165 905 virorum
1197 862 1413 904 Posidonii
1446 873 1558 903 more
1590 873 1662 908 ex-

213 939 386 979 pressas
417 930 494 968 sed
519 931 746 981 συγκρίσεις
778 930 898 969 etiarn
930 930 1143 971 subiectas
1163 929 1294 970 fuisse
1317 929 1498 979 epitoma
1529 928 1662 968 docet.

215 994 275 1034 Ex
296 995 451 1045 quibus
474 1005 566 1034 cum
589 993 769 1046 Philippi
801 997 840 1035 et
860 994 1082 1039 Alexandri
1108 994 1461 1045 comparationem
1484 993 1662 1040 lustinus

214 1061 449 1107 servaverit,
492 1063 534 1099 ut
576 1071 826 1112 cognoscas,
869 1071 991 1111 quam
1035 1062 1119 1099 arta
1161 1061 1197 1100 ei
1241 1071 1331 1100 cum
1364 1059 1580 1104 Posidonii
1624 1060 1663 1106 et

214 1123 397 1166 Sallustii
436 1125 685 1165 excursibus
716 1126 945 1167 intercedat
987 1125 1269 1174 necessitudo,
1311 1136 1417 1176 quae
1460 1125 1513 1164 ad
1556 1125 1661 1164 hanc

214 1192 583 1230 demonstrandam
615 1191 827 1231 sufiiciunt
858 1192 1107 1233 exscribam:
1142 1191 1242 1243 Just.
1275 1190 1337 1238 IX,
1368 1190 1449 1230 Vlll
1486 1191 1549 1229 12:
1584 1190 1661 1230 Hic

214 1259 364 1307 aperte,
396 1256 462 1299 ille
493 1256 653 1296 artibus
678 1255 786 1297 bella
812 1256 1022 1298 tractabat
1051 1289 1058 1297 .
1089 1287 1096 1295 .
1128 1290 1135 1297 .
1164 1256 1285 1297 Patri
1311 1267 1400 1297 mos
1422 1259 1513 1297 erat
1540 1256 1660 1296 etiam

215 1324 266 1363 ale
295 1323 479 1363 convivio
505 1324 543 1362 in
574 1323 732 1363 hostem
747 1335 1002 1373 procurrere,
1033 1335 1197 1364 manum
1217 1334 1439 1369 conserere,
1467 1323 1662 1372 periculis

213 1399 258 1428 se
284 1391 431 1429 temere
464 1387 635 1439 offerre;
664 1388 900 1429 Alexander
929 1400 1009 1431 non
1031 1390 1070 1429 in
1095 1389 1262 1436 hostem,
1292 1388 1368 1430 sed
1386 1390 1425 1429 in
1446 1398 1546 1428 suos
1564 1398 1660 1431 sae-

216 1453 360 1493 viebat.
422 1453 558 1502 Quam
589 1454 641 1493 ob
673 1465 755 1494 rem
787 1454 913 1506 (conf.
940 1453 1047 1494 Plut:
1078 1455 1190 1502 ὥστε,
1223 1453 1317 1494 Sall.
1350 1452 1507 1505 itaque)
1536 1464 1662 1503 saepe

213 1518 446 1569 Philippum
478 1519 731 1559 vulneratum
754 1520 919 1569 proelia
950 1520 1149 1567 remisere,
1182 1519 1246 1559 hic
1276 1519 1499 1565 amicorum
1535 1519 1660 1564 inter—

205 1584 345 1634 fector
364 1585 546 1624 convivio
560 1584 801 1634 frequenter
821 1586 996 1624 excessit
1014 1617 1021 1624 .
1044 1616 1051 1623 .
1073 1616 1080 1624 .
1101 1586 1328 1624 Literarum
1351 1584 1481 1624 cultus
1502 1584 1662 1633 utrique

212 1649 367 1689 SImilis.

325 1713 491 1763 Quibus
537 1716 734 1755 omnibus
776 1727 883 1767 quae
926 1717 978 1755 de
1020 1717 1131 1755 varia
1171 1716 1376 1755 variorum
1414 1715 1660 1765 scriptorum

215 1780 521 1820 consuetudine
553 1781 732 1831 exposui
776 1782 884 1820 recte
927 1781 1148 1832 perpensis
1190 1781 1326 1821 facere
1368 1791 1451 1819 non
1493 1780 1660 1830 poteris,

215 1846 314 1896 quin
346 1847 503 1885 statuas
535 1844 775 1885 Sallustium
807 1848 846 1885 et
878 1847 1157 1896 descripsisse
1199 1846 1411 1891 hominum
1453 1855 1591 1889 mores
1622 1848 1661 1883 et

216 1908 419 1951 Catonern
452 1908 762 1962 Caesaremque
793 1911 897 1951 inter
927 1922 973 1951 se
1004 1911 1300 1962 composuisse
1342 1920 1455 1951 more
1498 1910 1659 1951 institu-

213 1979 342 2026 toque
373 1975 592 2015 Posidonii
624 1976 886 2027 Apamensis.

325 2040 464 2081 Pauca
491 2042 587 2081 mihi
620 2042 800 2082 dicenda
822 2044 917 2082 sunt
939 2043 990 2081 de
1014 2042 1164 2093 elogiis
1195 2053 1301 2092 quae
1324 2042 1475 2089 dicunt,
1506 2040 1660 2091 quibus

214 2104 453 2146 Sallustium
476 2107 516 2146 in
538 2107 721 2147 historiis
741 2108 919 2149 virorum
945 2107 1167 2159 insignium
1190 2108 1361 2146 mortem
1392 2107 1658 2156 prosecutum

213 2181 310 2211 esse
342 2169 504 2211 Seneca
536 2171 656 2211 refert
685 2182 795 2211 suas.
826 2172 862 2219 6,
892 2172 961 2211 21:
995 2171 1194 2220 Quotiens
1223 2172 1366 2224 magni
1384 2170 1556 2212 alicuius
1587 2171 1663 2210 viri

212 2248 324 2277 mors
355 2236 409 2277 ab
439 2237 645 2279 historicis
666 2240 840 2277 narrata
862 2240 932 2283 est,
963 2238 1081 2277 toties
1093 2236 1185 2288 fere
1211 2237 1507 2284 consummatio
1537 2237 1660 2277 totius

214 2304 320 2342 vitae
350 2306 390 2342 et
417 2303 542 2353 quasi
571 2301 764 2353 funebris
794 2302 981 2343 laudatio
1022 2303 1209 2342 redditur
1243 2302 1320 2342 hac
1361 2334 1368 2341 .
1400 2334 1407 2342 .
1438 2332 1445 2339 .
1481 2303 1521 2342 in
1545 2313 1659 2352 paa-

214 2369 388 2408 cissimis
403 2369 599 2419 personis
619 2371 861 2418 usurpatam
884 2379 910 2407 a
925 2366 1134 2408 Sallustio.
1185 2366 1302 2415 Quae
1325 2366 1511 2408 Senecae
1532 2367 1660 2410 verba

215 2435 257 2471 ut
277 2444 372 2472 vere
387 2434 497 2472 dicta
517 2434 734 2477 videantur
747 2433 932 2477 efficiunt
948 2433 1209 2474 historiarum
1226 2433 1431 2484 quaedam
1452 2432 1659 2485 reliquiae,

214 2509 266 2538 ex
297 2498 449 2548 quibus
472 2497 711 2539 Sallustium
743 2510 826 2540 non
849 2500 972 2539 vitam
1001 2500 1128 2538 modo
1159 2500 1236 2540 sed
1258 2499 1468 2551 ingenium
1490 2508 1658 2551 quoque

214 2564 254 2602 et
284 2573 421 2602 mores
444 2562 583 2604 Sullae
614 2565 761 2604 mortui
793 2566 1056 2616 persecutum
1087 2574 1183 2604 esse
1206 2565 1314 2603 recte
1346 2563 1380 2603 si
1403 2562 1503 2614 quid
1533 2562 1658 2608 video

213 2628 565 2670 Maurenbrecher
580 2630 750 2682 collegit
770 2629 1008 2682 (158—61).
1061 2629 1195 2681 Atque
1213 2640 1305 2670 cum
1324 2628 1414 2668 illas
1437 2628 1488 2669 de
1506 2627 1659 2680 quibus
