1868 3093
823 233 1095 273 -72—

232 344 329 383 belli
377 342 615 384 Germanici
661 343 887 394 componit,
931 342 1030 382 nihil
1073 342 1156 395 agit
1197 341 1276 382 nisi
1319 343 1361 381 ut
1396 352 1462 382 res
1499 342 1683 381 narratas

232 409 365 460 magis
397 408 645 459 perspicuas
676 408 832 447 reddat.
874 407 921 447 Et
942 408 1253 447 adnotationem
1285 406 1406 454 illam,
1438 417 1520 457 qua
1544 406 1591 456 (ΙΙ
1612 406 1683 457 37)

232 474 459 525 scriptores
491 473 699 525 quosdam
726 472 883 522 refutat,
913 473 983 524 qui
1007 473 1188 514 Othonis
1209 472 1360 513 milites
1382 472 1684 513 contenderant

230 540 282 579 ab
314 540 438 579 armis
462 538 655 578 civilibus
677 539 889 590 cogitasse
911 539 1119 586 recedere,
1150 550 1235 578 non
1257 538 1402 578 dubito
1425 538 1526 589 quin
1548 537 1682 589 magis

231 604 465 651 subiecerit,
508 605 550 643 ut
591 604 846 655 expositioni
889 604 1164 655 subsequenti
1207 603 1345 644 locum
1388 605 1427 643 et
1470 602 1679 643 materiam

232 671 357 717 daret,
389 681 511 720 quam
543 671 586 709 ut
616 670 738 710 nimis
769 681 793 710 a
822 670 908 710 fide
938 670 1040 710 haec
1072 680 1169 710 esse
1200 669 1336 709 aliena
1366 669 1679 709 demonstraret.

232 733 316 776 Sed
354 734 406 775 de
442 735 523 775 hoc
563 734 659 774 loco
692 734 795 774 infra
825 734 943 785 plura
973 734 1069 774 mihi
1101 735 1219 774 erunt
1249 733 1428 774 dicenda
1459 736 1570 785 (pag.
1600 732 1681 783 73).

344 798 585 842 Sallustium
628 799 847 841 Posidonii
889 799 1079 853 vestigiis
1121 799 1379 840 insistentem
1422 800 1465 839 ut
1499 799 1678 839 virorum

236 868 290 905 ita
321 866 508 905 locorum
540 866 801 916 quorundam
832 866 1056 917 insignium
1087 866 1194 904 vitae
1225 866 1378 904 exitum
1411 866 1679 915 prosecutum

233 942 330 972 esse
390 942 441 971 ex
499 931 621 971 simili
670 930 799 984 Trogi
848 929 1024 982 Pompei
1083 930 1387 971 consuetudine
1437 929 1683 982 collegimus

237 998 381 1047 (supra
423 1008 516 1048 pag.
551 998 628 1047 17).
698 997 810 1037 Idem
852 997 950 1037 facit
978 997 1149 1036 Tacitus
1181 996 1226 1035 lll
1256 996 1320 1043 34,
1362 996 1432 1035 ubi
1465 994 1683 1040 Cremona,

234 1062 437 1113 oppidum
481 1061 755 1102 clarissimum
798 1072 820 1101 a
863 1060 1061 1104 Romanis
1102 1062 1199 1101 tunc
1241 1060 1433 1107 deletum,
1475 1069 1499 1099 a
1529 1058 1682 1110 quibus

236 1128 447 1167 conditum
491 1129 531 1166 et
572 1127 681 1177 quali
724 1127 887 1167 fortuna
929 1137 1049 1167 usum
1092 1127 1145 1167 sit
1186 1127 1367 1178 exponit,
1412 1128 1451 1166 et
1481 1125 1527 1165 ill
1558 1126 1622 1173 72,
1644 1125 1683 1172 9,

233 1193 302 1232 ubi
335 1190 587 1243 Capitolium
619 1203 643 1232 a
673 1191 872 1234 Romanis
908 1193 1013 1243 ipsis
1053 1192 1270 1233 incensum
1302 1191 1517 1243 quomodo
1549 1193 1681 1231 ortum

233 1261 272 1298 et
302 1260 490 1298 ornatum
522 1259 561 1298 et
591 1260 741 1309 postea
772 1258 968 1298 refectum
999 1259 1052 1298 sit
1082 1258 1216 1298 docet.
1265 1257 1307 1297 ln
1339 1260 1482 1308 aperto
1514 1258 1578 1297 est
1607 1267 1681 1296 ex-

233 1324 469 1374 positiones
519 1324 595 1363 has
646 1323 798 1374 quibus
849 1323 1051 1364 clarorum
1101 1323 1288 1364 locorum
1336 1323 1462 1363 finem
1510 1322 1683 1363 Tacitus

234 1389 501 1439 prosequitur
536 1388 628 1436 illis,
665 1389 819 1439 quibus
841 1389 1034 1428 -virorum
1066 1390 1317 1428 mortuorum
1348 1389 1472 1428 vitam
1504 1388 1683 1438 respicit,

235 1465 285 1494 ex
327 1454 453 1494 altera
494 1455 608 1505 parte
652 1448 898 1502 convenire;
940 1454 1038 1504 quin
1082 1454 1202 1493 etiarn
1233 1456 1321 1493 arto
1353 1453 1681 1494 necessitudinis

235 1519 401 1560 vinculo
438 1520 651 1570 utriusque
688 1519 854 1571 generis
890 1519 1029 1571 elogia
1058 1519 1162 1559 inter
1191 1529 1238 1559 se
1270 1520 1503 1567 cohaerere,
1544 1519 1585 1558 id
1616 1518 1681 1559 vel

234 1585 331 1625 inde
376 1585 521 1632 elucet,
571 1584 686 1636 quod
735 1584 788 1624 ab
833 1584 983 1625 iisdem
1025 1584 1110 1625 fere
1155 1584 1294 1625 verbis
1340 1595 1481 1624 eorum
1523 1584 1681 1624 initium

236 1661 385 1701 capere
416 1650 555 1690 voluit.
616 1648 820 1690 Conferas
849 1650 973 1690 velim
1005 1650 1050 1689 111
1080 1650 1149 1690 34:
1184 1650 1262 1690 Hic
1294 1650 1425 1690 exitus
1457 1648 1686 1690 Cremonae

235 1727 345 1756 anno
388 1716 663 1756 ducentesimo
706 1716 954 1767 octogesimo
995 1718 1111 1756 sexto
1153 1727 1179 1756 a
1216 1715 1446 1765 primordio
1487 1716 1555 1755 sui
1593 1744 1600 1753 .
1636 1747 1644 1755 .
1675 1747 1684 1755 .

235 1783 275 1820 et
305 1780 317 1819 1
352 1781 418 1828 49,
439 1781 481 1819 7:
521 1780 642 1819 Hunc
685 1781 833 1820 exitum
874 1780 1019 1819 habuit
1064 1779 1231 1820 Servius
1277 1779 1426 1828 Galba,
1473 1779 1602 1819 tribus
1647 1782 1688 1818 et

233 1846 499 1897 septuaginta
536 1845 657 1885 annis
693 1846 871 1896 quinque
893 1846 1106 1896 principes
1136 1855 1323 1885 emensus
1352 1877 1360 1885 .
1391 1877 1399 1885 .
1430 1875 1436 1882 .
1468 1847 1508 1884 et
1537 1844 1583 1884 Ill
1614 1845 1683 1884 75:

233 1912 312 1951 Hic
356 1912 488 1950 exitus
529 1912 607 1950 viri
643 1911 761 1950 haud
787 1922 891 1950 sane
918 1911 1142 1960 spernendi
1155 1909 1194 1960 ¹).
1236 1933 1286 1939 —
1331 1910 1459 1949 Porro
1491 1910 1684 1950 conferas

235 1975 281 2015 lll
313 1976 377 2023 72,
398 1975 439 2015 9;
481 1974 603 2016 Stetit
642 1975 737 2015 dum
773 1986 855 2026 pro
892 1976 1035 2026 patria
1077 1974 1326 2016 bellavimus
1396 1975 1571 2015 Voverat
1598 2006 1605 2014 .
1636 2005 1644 2014 .
1675 2004 1683 2012 .

236 2044 275 2081 et
306 2041 318 2080 Ι
348 2041 414 2087 48,
434 2042 476 2080 5:
522 2041 635 2081 Titus
682 2041 819 2081 Vinius
857 2041 1159 2091 qulnquaginta
1198 2043 1352 2090 septem
1394 2051 1528 2080 annos
1559 2040 1685 2080 variis

235 2105 420 2145 moribus
472 2106 562 2156 egit.
591 2104 720 2145 Pater
748 2105 808 2145 illi
836 2134 843 2142 .
873 2136 881 2144 .
912 2136 921 2145 .
979 2103 1098 2152 Quae
1129 2115 1222 2144 cum
1254 2105 1308 2144 ita
1338 2105 1429 2153 sint,
1460 2106 1683 2156 postquam

243 2172 353 2212 illius
385 2171 551 2223 generis
581 2170 718 2223 elogia
760 2171 813 2210 ad
848 2168 1031 2211 Sallustii
1070 2170 1353 2211 auctoritatem
1386 2170 1685 2218 revocavimus,

236 2237 422 2277 locorum
467 2236 669 2276 clarorum
708 2236 911 2275 interitum
954 2235 1101 2286 paucis
1142 2235 1425 2286 persequendi
1457 2236 1683 2275 consuetu-

239 2303 377 2342 dinem
436 2301 489 2341 ab
549 2301 699 2342 eodem
750 2299 948 2342 Sallustio
1006 2301 1210 2341 ascivisse
1259 2300 1447 2341 Tacitum
1496 2311 1548 2340 eo
1597 2301 1684 2340 iure

237 2369 476 2414 statuemus,
526 2377 610 2416 quo
660 2366 799 2406 Livius
849 2377 933 2405 non
984 2366 1221 2405 dubitamus
1270 2366 1369 2416 quin
1418 2368 1458 2405 et
1504 2366 1683 2405 virorum

237 2434 490 2471 mortuorum
549 2431 673 2471 vitam
724 2432 764 2470 et
816 2430 930 2482 regni
979 2430 1247 2470 Macedonici
1297 2430 1421 2470 deleti
1470 2431 1683 2471 historiam

239 2497 466 2536 eorundem
498 2496 707 2536 annalium
738 2496 987 2546 scriptorum
1019 2506 1133 2535 more
1164 2495 1398 2535 subiecerit.

349 2560 429 2600 lam
452 2561 566 2612 quod
589 2561 641 2601 de
664 2561 725 2601 eis
747 2561 817 2612 qui
847 2561 901 2601 ad
923 2560 1190 2601 describendi
1212 2562 1252 2600 et
1273 2560 1463 2600 narrandi
1485 2560 1683 2600 rationem

351 2702 373 2743 1)
400 2701 441 2735 cf.
468 2702 500 2735 F.
527 2702 609 2743 Leo,
633 2703 653 2736 l.
679 2703 698 2737 l.
723 2711 804 2744 pag.
829 2702 903 2736 236.
