1868 3093
807 208 1073 248 -32-

219 317 341 355 nimis
391 318 513 355 aucto
564 317 834 366 congruentia
878 317 1192 367 aequalitasque
1238 315 1432 364 laedatur,
1476 316 1516 355 in
1558 316 1664 355 duas

218 383 357 432 partes
400 383 516 421 secat
557 381 767 432 longeque
811 384 968 421 remoto
1011 382 1107 422 loco
1150 383 1201 422 de
1238 382 1402 433 singula
1437 381 1506 420 illa
1542 383 1663 433 gente

219 446 479 496 mirabilique
509 446 699 486 facinore
731 447 912 498 exponit.

328 511 474 562 Neque
512 512 632 551 aliam
668 511 955 562 frequentibus
992 522 1098 562 quae
1138 513 1178 551 in
1210 513 1393 552 historiis
1423 512 1664 552 exstiterunt

218 576 576 628 descriptionibus
598 574 837 617 Sallustium
855 577 1100 617 adhibuisse
1118 577 1318 617 rationem
1336 579 1662 617 consentaneum

217 644 291 682 est.
352 640 435 682 Sed
462 644 504 682 ut
534 643 738 694 exemplis
770 654 835 684 res
867 643 1074 695 probetur,
1117 643 1168 683 de
1200 640 1390 683 Sardinia
1421 645 1460 682 et
1490 641 1663 683 Corsica

218 709 271 747 ita
314 719 407 748 eum
451 709 717 757 disseruisse,
760 711 802 749 ut
844 711 1018 760 primum
1062 709 1113 748 de
1145 709 1311 748 nomine
1348 708 1507 759 origine
1539 708 1663 748 rebus

218 776 349 826 gestis
381 775 608 815 incolarum
636 776 871 826 explicaret,
903 776 1055 815 deinde
1087 785 1224 815 mores
1255 777 1294 814 et
1315 774 1495 813 instituta
1520 785 1661 813 eorum

218 842 572 887 commemoraret,
587 840 767 890 denique
783 841 916 891 ipsam
933 841 1108 880 insulam
1124 840 1389 887 describeret,
1411 840 1451 878 id
1467 839 1661 878 Mauren-

217 905 390 945 brecher
421 915 526 955 quae
558 905 610 944 ab
640 905 811 953 Isidoro,
843 904 944 945 Silio
967 905 1117 952 ltalico,
1145 904 1291 945 Solino
1323 905 1375 944 de
1406 905 1485 944 illis
1516 903 1662 943 insulis

217 970 408 1010 dicuntur
439 970 657 1021 diligenter
682 970 887 1010 adhibens
919 981 969 1009 ex
1001 970 1185 1020 reliquiis
1217 970 1237 1008 Ι.
1270 969 1298 1008 ΙΙ
1334 970 1457 1008 l—ll
1486 969 1662 1019 collegit.

217 1034 345 1075 Porro
390 1034 582 1074 conferas
624 1046 731 1086 quae
774 1036 826 1075 de
869 1034 988 1075 Ponti
1032 1036 1198 1074 nomine
1235 1035 1327 1081 situ,
1363 1035 1480 1074 caelo
1517 1034 1661 1081 ventis,

217 1100 326 1139 dulci
374 1110 482 1150 aqua
525 1102 564 1139 et
604 1101 782 1150 piscium
828 1100 1097 1148 multitudine,
1139 1100 1191 1139 de
1233 1099 1459 1139 incolarum
1502 1099 1660 1151 origine

217 1167 407 1217 leguntur
432 1165 476 1204 lll
507 1165 550 1205 fr.
573 1166 618 1205 61
634 1166 747 1213 —80,
779 1168 818 1205 et
839 1176 945 1216 quae
968 1166 1019 1205 de
1041 1166 1145 1205 freto
1168 1164 1309 1205 Siculo
1332 1166 1593 1204 inveniuntur
1613 1163 1662 1203 IV

214 1231 258 1270 fr.
288 1230 352 1278 26,
373 1231 436 1270 27.

329 1351 363 1390 5.
397 1350 689 1390 Excursus
727 1351 789 1390 de
821 1350 1050 1401 Pompei
1080 1350 1251 1402 Trogi
1282 1353 1550 1390 terrarum

680 1416 1202 1467 descriptionibus.

327 1491 573 1541 Priusquam
615 1495 749 1531 autem
794 1493 900 1531 hanc
943 1493 1333 1531 commentationem
1376 1492 1428 1530 de
1465 1489 1660 1531 Sallustio

216 1558 438 1597 institutam
476 1557 794 1605 concludamus,
832 1569 915 1597 non
948 1558 1087 1598 inutile
1117 1558 1278 1597 videtur
1307 1557 1412 1597 alius
1444 1556 1659 1596 cuiusdam

217 1623 432 1673 scriptoris
464 1623 532 1672 qui
566 1623 685 1661 etiam
718 1622 820 1661 infra
851 1623 975 1662 nobis
1006 1624 1079 1662 erit
1100 1622 1502 1669 commemorandus,
1533 1623 1658 1660 artem

220 1689 337 1728 terris
391 1687 684 1727 describendis
733 1688 958 1728 adhibitam
1009 1689 1239 1728 accuratius
1289 1688 1517 1739 inspicere:
1566 1686 1661 1727 dico

217 1753 463 1805 Pompeium
485 1753 682 1805 Trogum.
732 1754 851 1793 Hunc
877 1756 984 1794 enim
1008 1755 1263 1805 scriptorem,
1294 1754 1412 1793 cuius
1434 1754 1513 1792 iam
1536 1763 1661 1803 supra

215 1819 329 1871 (pag.
358 1818 424 1870 16)
457 1819 683 1859 nonnullos
714 1830 915 1859 excursus
947 1820 999 1859 ad
1031 1819 1247 1860 Posidonii
1280 1819 1514 1870 exemplum
1540 1828 1660 1857 revo-

217 1886 416 1931 cavimus,
446 1886 641 1924 terrarum
679 1885 984 1935 descriptiones
1011 1886 1198 1925 eiusdem
1232 1886 1446 1935 scriptoris
1467 1883 1659 1933 exemplo

216 1950 446 1990 instituisse
478 1961 529 1989 ex
560 1949 700 1990 lustini
733 1951 915 2001 epitoma
946 1951 1042 1990 mihi
1073 1950 1219 1990 videor
1248 1961 1378 2001 posse
1410 1949 1586 1989 efficere.

324 2015 384 2054 Ac
434 2015 608 2065 primurn
659 2016 826 2065 quidem
881 2016 1151 2056 clarissimam
1204 2016 1225 2055 l.
1261 2015 1355 2055 XLI.
1418 2014 1658 2054 Parthorum

215 2081 541 2130 descriptionem
574 2081 902 2120 consideremus.
953 2079 1083 2121 Cuius
1105 2082 1241 2133 gentis
1262 2082 1485 2132 postquam
1507 2089 1658 2119 nomen

214 2148 253 2187 et
284 2147 485 2198 originem
508 2157 531 2186 a
553 2144 718 2199 Scythis
739 2148 867 2196 traxit,
889 2147 1065 2188 breviter
1086 2148 1244 2188 caelum
1267 2146 1299 2199 (Ι
1327 2145 1392 2198 12)
1413 2146 1659 2197 perstringit,

215 2213 434 2263 copiosius
465 2213 692 2252 incolarum
725 2213 908 2253 instituta
938 2215 977 2252 et
1007 2224 1145 2253 mores
1182 2213 1352 2264 exponit
1383 2210 1565 2269 (ll—Ill),
1606 2210 1659 2249 ita

215 2278 384 2328 quidem
428 2280 470 2317 ut
511 2278 575 2318 vel
618 2278 783 2330 singula
825 2277 1043 2318 Posidonii
1081 2279 1133 2318 de
1169 2278 1392 2318 insularum
1430 2280 1469 2317 et
1499 2275 1658 2317 Galliae

215 2344 365 2382 incolis
408 2344 587 2383 dicentis
629 2344 869 2382 memoriam
912 2343 1104 2383 afferant:
1149 2343 1255 2383 113:
1294 2354 1429 2383 sermo
1465 2342 1527 2381 lu's
1557 2342 1660 2381 inter

214 2407 446 2459 Scythicum
488 2407 774 2459 MedIcumque
814 2408 972 2449 medius
1014 2412 1053 2449 et
1090 2410 1290 2460 utrimque
1329 2410 1499 2456 mixtus;
1535 2406 1658 2446 Diod.

214 2472 247 2512 V
284 2473 409 2520 14,3:
444 2475 651 2524 βάρβαροι,
694 2473 764 2524 Ίῇν
812 2473 1016 2512 διάλεκτον
1058 2473 1215 2522 ἔχοντες
1261 2473 1551 2526 ἐξηλλαγμένην
1591 2471 1656 2509 καὶ

213 2537 543 2590 δυσκατανόητον.
565 2562 615 2566 -
639 2538 668 2579 ΙΙ
693 2539 734 2579 3:
765 2541 886 2581 vestt's
917 2541 1013 2581 olim
1042 2542 1110 2581 sui
1126 2542 1271 2588 moris;
1294 2543 1446 2591 postea
1468 2570 1474 2577 .
1497 2571 1504 2578 .
1526 2571 1534 2578 .
1557 2549 1656 2589 per-

211 2604 351 2644 lucida
371 2615 421 2644 (lc
436 2603 598 2655 fluida,·
616 2604 739 2645 Diod.
759 2605 794 2645 V
810 2607 875 2654 40,
893 2607 936 2646 3:
962 2605 999 2643 οἱ
1026 2603 1209 2658 δ’ἑσθιζσι
1232 2605 1588 2654 πολυτελεστέραις
1606 2635 1614 2643 .
1628 2635 1636 2643 .
1649 2634 1657 2642 .

212 2668 474 2721 κεκοῖηιηνται
506 2702 538 2709 ..
560 2700 567 2707 .
597 2670 779 2708 καθόλοι·
811 2670 851 2708 δὲ
883 2670 952 2722 τῂν
982 2671 1054 2720 μὲν
1086 2669 1127 2709 ἐκ
1157 2671 1343 2709 παλαιῶν
1374 2671 1527 2722 χρόνων
1557 2666 1657 2720 παρ’
