1868 3093
810 149 1081 189 -65-

227 262 291 302 vel
308 262 490 310 ipsorum
512 254 710 294 vocabulo
723 254 913 305 frameas

220 325 374 378 gerunt
400 323 575 372 angusto
597 321 636 359 et
655 319 767 360 brevi
785 319 912 371 ferro,

225 389 304 429 sed
332 389 390 427 ita
419 386 509 427 acri
536 387 576 423 et
603 384 662 423 ad
688 395 804 424 usum
833 385 913 425 lza-
945 386 947 393 '

226 453 317 564 bug,
355 517 397 555 2:
449 514 611 565 pedites
659 516 699 553 et
742 515 913 554 missilia

224 583 436 633 spargunt,
464 610 472 617 .
493 610 501 618 .
522 610 530 618 .
556 578 658 618 nudi
675 581 750 618 aut
765 579 913 629 sagulo

226 647 342 687 leves.
394 644 508 684 nulla
549 643 681 683 cultus
725 643 915 690 iactatio,-

224 713 343 751 scuta
385 710 540 748 tantum
580 708 809 747 lectissimis
844 718 913 747 co-

224 774 382 816 loribus
433 773 694 823 a'istinguunt.
763 774 915 823 paucis

224 841 379 880 loricae
407 868 415 876 .
446 869 454 877 .
485 869 492 877 .

224 1167 448 1215 equestrem
483 1175 667 1215 pugnam
703 1164 913 1205 velocitate

218 1230 414 1281 peditum,
443 1261 450 1269 .
482 1260 489 1269 .
521 1260 528 1267 .

278 1361 314 1409 7,
343 1360 385 1399 2:
435 1363 607 1400 ceterum
649 1371 778 1411 neque
820 1361 910 1400 ani-

221 1425 475 1466 madvertere
504 1437 633 1477 neque
665 1426 822 1473 vincire,
861 1437 912 1466 ne

222 1491 439 1531 verberare
469 1492 631 1542 quidem
660 1492 743 1531 nisi
766 1503 910 1532 sacer-

221 1556 387 1596 dotibus
400 1558 658 1607 permissum,
688 1568 768 1597 non
790 1558 913 1607 quasi

220 1622 262 1661 in
296 1632 477 1671 poenam
518 1632 590 1661 nec
631 1622 746 1661 duciS
785 1623 908 1668 iussu,

221 1752 371 1792 adesse
400 1752 645 1793 bellantibus
676 1753 854 1793 credunt.

219 1884 294 1934 qui
300 1884 476 1924 maxime
487 1884 726 1924 observant:
737 1884 908 1924 sortium

218 1949 473 1989 consuetudo
493 1949 666 2000 simplex
686 1980 694 1989 .
715 1981 723 1989 .
745 1981 752 1989 .
787 1949 845 1997 10,
866 1949 908 1989 3:

219 2017 262 2053 et
271 2014 374 2054 illud
384 2015 546 2065 quia'em
560 2015 752 2055 etiamnic
759 2018 907 2061 notum,

218 2079 354 2119 avium
385 2090 503 2120 voces
524 2080 764 2131 volatusque
783 2081 907 2120 inter-

217 2154 389 2196 rogare:
429 2147 646 2196 proprium
695 2143 814 2196 (ἴδιόν
855 2146 906 2194 τι)

210 2210 350 2259 gentis
378 2221 573 2260 equorum
594 2220 755 2261 quoque
776 2220 904 2259 prae-

215 2275 340 2325 sagia
370 2286 420 2314 ac
448 2275 625 2315 monitus
654 2275 838 2325 experiri.

277 2471 336 2518 17,
371 2472 406 2510 1:
448 2473 583 2511 cetera
623 2471 759 2511 intecti
796 2473 905 2512 totos

215 2534 307 2575 dies
330 2536 444 2577 iuxta
465 2534 607 2587 focum
629 2539 753 2589 atque
772 2537 903 2589 ignem

215 2604 355 2650 agunt.

283 2672 307 2699 T
315 2674 332 2700 h
341 2674 373 2701 ei
382 2674 400 2702 ss
410 2682 425 2702 e
434 2682 459 2702 n.

943 1648 945 1674 ,⁵
978 1621 1195 1674 εἰρηνικαῖς
1242 1625 1407 1674 χρείαις,

218 1687 298 1727 sed
315 1687 423 1727 velut
440 1687 516 1727 deo
537 1688 771 1738 imperante,
792 1698 909 1738 quem
943 1714 944 1748 }

943 1795 944 1799 Ἰ
976 1753 1149 1802 μάλιστα
1179 1756 1424 1792 πείθονται..

281 1818 339 1866 10,
363 1820 399 1858 l:
419 1818 615 1869 Auspicia
634 1821 847 1869 sortesque
867 1821 913 1859 ut
942 1802 944 1817 ¹

979 258 1020 296 4:
1073 258 1369 309 προβάλλονται
1419 256 1460 295 δὲ
1509 258 1666 308 λόγχας,

981 322 1028 367 ἃς
1084 320 1227 361 ἐκεῖνοι
1274 322 1440 373 λαγκίας
1490 323 1666 371 καλοῦσι,

980 393 1161 437 πηχυαῖα
1173 390 1230 437 τῷ
1243 389 1438 439 μήκειτοῦ
1444 386 1625 439 σιδήρου.
1638 418 1645 425 .
1657 417 1664 425 .

1035 516 1098 563 30,
1118 517 1159 555 3;
1189 519 1384 567 θώρακας
1412 515 1606 565 δ’ἕχουσιν
1627 518 1664 556 οἱ

980 578 1051 627 μὲν
1087 579 1271 631 σιδηροῦς
1305 580 1583 631 ἁλυσιδωτούς,
1627 582 1662 621 οἱ

983 642 1025 681 δὲ
1055 650 1140 689 τοῖς
1168 643 1248 683 ὑπὸ
1277 652 1347 697 τῆς
1375 648 1532 696 φύσεως
1556 647 1664 686 δεδο-

981 710 1115 756 μένοις
1150 708 1374 760 ἀρκοῦνται,
1415 712 1552 760 γυμνοὶ
1591 727 1664 761 μα-

982 773 1144 822 χόιιενοι
1175 803 1182 811 .
1207 803 1214 811 .
1239 773 1328 814 .At
1348 775 1411 825 30,
1431 776 1473 815 3.
1503 776 1603 822 τινὲς
1623 776 1665 816 δὲ

981 837 1074 883 τοὺς
1130 845 1302 885 χιτῶνας
1357 838 1588 890 ἐπιχρύσοις
1644 841 1663 891 ἢ

981 904 1245 955 καταργύροις
1300 903 1500 956 ζωστῆρσι
1564 910 1665 944 συνε-

946 982 947 991 *
983 967 1140 1015 ζωνται.

279 1034 314 1082 6,
334 1033 376 1073 4;
407 1043 534 1084 eoque
562 1033 679 1073 mixti
698 1033 912 1084 proelian-
945 1056 947 1096 3

223 1103 298 1145 tur,
347 1101 449 1149 apta
493 1101 533 1138 et
571 1101 816 1149 congruente
856 1099 916 1138 ad

1035 1034 1098 1082 33,
1117 1034 1159 1073 2:
1192 1033 1352 1072 δοκοῦσι
1373 1033 1414 1072 δὲ
1437 1031 1547 1074 οὗτοι
1566 1037 1667 1075 κατὰ

979 1099 1073 1145 τοὺς
1096 1099 1298 1149 πολέμους
1318 1099 1363 1138 οὐ
1382 1101 1504 1149 μόνον
1525 1100 1668 1147 ἱππεῖς

980 1164 1173 1214 ἀγαθούς,
1238 1164 1339 1203 ἀλλὰ
1396 1166 1462 1203 καὶ
1520 1166 1668 1214 πεζοὺς

980 1233 1236 1283 παρέχεσθαι
1300 1230 1522 1283 διαφόρους
1579 1239 1668 1279 ταῖς

980 1295 1121 1342 ἀλκαῖς
1150 1296 1217 1334 καὶ
1247 1303 1336 1342 ταῖς
1364 1300 1605 1349 καρτερίαις.

1033 1362 1097 1408 31,
1128 1362 1170 1401 2;
1219 1361 1441 1413 φιλόσοφοί
1480 1365 1526 1400 τέ
1563 1367 1668 1410 τινες

980 1425 1055 1465 εἶσι
1085 1427 1151 1465 καὶ
1178 1427 1368 1478 θεολόγοι
1392 1436 1592 1481 περιττῶς
1611 1444 1666 1467 τι-

977 1495 1167 1541 μώμενοι,
1200 1494 1268 1539 οὓς
1303 1492 1492 1545 δρουίδας
1524 1493 1666 1543 ὀνομά-

979 1556 1123 1604 ζουσιν.
1171 1559 1212 1598 5:
1243 1558 1288 1596 οὐ
1316 1559 1440 1607 μόνον
1470 1555 1548 1598 δ’ἑν
1577 1567 1666 1606 ταῖς

1458 1623 1559 1663 ἀλλὰ
1599 1626 1661 1663 καὶ

977 1688 1079 1726 κατὰ
1126 1688 1218 1734 τοὺς
1265 1688 1467 1737 πολέμους
1509 1692 1665 1736 τούτοις

1030 1819 1095 1868 31,
1124 1821 1165 1860 3:
1200 1827 1374 1872 χρῶνται
1404 1819 1446 1859 δὲ
1475 1823 1542 1858 καί
1568 1823 1661 1870 μάν-

976 1897 1094 1934 τεσιν,
1110 1881 1497 1937 ἆποδοχῆςμεγάλης
1505 1885 1658 1933 ἀξιοῦν-

976 1963 1042 1996 τες
1071 1950 1224 1996 αὐτούς.
1256 1946 1366 1988 οὗτοι
1387 1949 1429 1988 δὲ
1450 1950 1561 1989 διάτε
1590 1954 1660 2003 τῆς

977 2014 1270 2060 οἰωνοσκοπίας
1298 2016 1362 2052 καὶ
1385 2015 1452 2053 διὰ
1481 2022 1551 2067 τῆς
1579 2023 1659 2054 τῶν

976 2079 1131 2132 ἱερείων
1179 2082 1326 2126 θυσίας
1376 2081 1427 2118 τὰ
1463 2081 1658 2129 μέλλοντα

974 2145 1212 2197 προλέγουσι
1234 2175 1242 2182 .
1266 2175 1273 2182 .
1298 2175 1305 2182 .

973 2212 1069 2262 περί
1102 2224 1222 2248 τινων
1254 2210 1437 2260 μεγάλων
1468 2209 1660 2249 ἐπισκέπ-

971 2289 1131 2324 τωνται,
1178 2274 1413 2327 παράδοξον
1453 2276 1519 2313 καὶ
1564 2276 1659 2315 ἄπι-

973 2352 1065 2377 στον
1077 2338 1210 2388 ἔχουσι
1226 2342 1404 2390 νόιιιμον.
1434 2340 1659 2393 ἄνθρωπον

972 2405 1048 2457 γὰρ
1074 2408 1414 2453 κατασπείσαντες
1443 2439 1451 2447 .
1481 2437 1489 2445 .
1519 2437 1526 2445 .

1026 2471 1090 2520 28,
1102 2472 1145 2511 4:
1159 2470 1366 2511 δειπνοῦσι
1380 2472 1423 2511 δὲ
1436 2474 1656 2524 καθήμενοι

1331 2146 1504 2194 μάλιστα
1525 2143 1659 2185 δ’ὅταν

972 2538 1122 2584 πάντες
1135 2536 1204 2575 οὐκ
1221 2535 1291 2576 ἐπὶ
1306 2538 1480 2590 θρόνων,
1499 2534 1657 2577 ἀλλ’ὲπὶ
1719 2547 1728 2558 ·

1248 2634 1255 2641 .
1285 2602 1455 2653 πλησίον
1490 2602 1660 2641 δἀὗτῶν

1406 2703 1410 2708 ,
1442 2678 1463 2711 5

971 2608 1042 2653 τῆς
1069 2608 1140 2653 γῆς
1169 2636 1176 2643 .
1208 2631 1215 2639 .
