1868 3093
780 209 1049 249 -39-

197 311 458 366 Uberblicke,
494 318 565 357 mit
600 318 682 357 ihm
720 318 787 358 die
817 317 1011 358 Vorliebe
1046 317 1109 358 fiir
1140 318 1518 370 ethnographische
1549 319 1632 358 und

197 384 529 436 geographische
561 383 756 431 Exkurse,
792 384 863 423 mit
897 384 978 424 ihm
1010 384 1077 424 die
1108 384 1490 436 psychologischen
1521 383 1632 424 Ana-

195 450 311 500 lysen
356 449 440 489 und
477 449 806 501 eindringenden
837 447 1420 502 Charakterschilderungen.“
1482 449 1630 490 Verum

195 526 277 555 non
314 514 596 555 auctoritatem
626 515 762 555 solum
793 513 1010 556 Posidonii
1041 517 1081 556 et
1110 515 1344 567 exemplum
1376 516 1415 555 in
1447 516 1632 556 excursi-

194 582 274 621 bus
304 581 538 620 inserendis
570 578 807 621 Sallustium
838 583 1026 621 secutum
1057 591 1153 621 esse
1181 582 1257 621 sed
1285 582 1405 621 etiam
1436 582 1476 621 in
1507 582 1632 621 rebus

194 646 408 686 narrandis
457 646 656 685 nonnulla
704 656 755 686 ex
798 646 913 686 libris
961 647 1051 686 eius
1096 647 1414 697 deprompsisse
1459 649 1631 686 constat.

193 711 535 751 Luculentissime
594 712 701 751 enim
761 712 1058 751 demonstravit
1110 711 1151 750 E.
1188 710 1456 763 Wendling¹)
1505 712 1632 751 verba

193 774 387 817 Caesaris
421 787 526 828 quae
557 777 597 816 in
629 774 806 817 Catilina
835 776 1037 817 habentur
1066 777 1162 817 inde
1192 787 1226 816 a.
1258 788 1290 816 c.
1320 777 1384 824 51,
1414 777 1467 816 37
1497 788 1630 829 usque

191 843 244 882 ad
267 853 300 882 c.
320 842 384 891 51,
404 842 458 883 39
487 841 719 883 Posidonio
751 842 904 882 deberi.
955 840 1120 890 Quodsi
1152 842 1304 883 deinde
1335 853 1441 894 quae
1463 843 1631 895 collegit

192 909 245 948 ita
267 908 528 959 complexus:
561 906 664 956 „Die
685 908 990 960 Vergleichung
1010 908 1122 955 lehrt,
1147 907 1228 948 dass
1251 906 1406 949 Sallust
1427 908 1630 948 —.direkt

191 973 295 1013 oder
314 973 490 1014 indirekt
519 996 569 1001 —
600 984 682 1013 von
704 972 987 1014 Poseidonius
1007 973 1219 1026 abhangig
1239 974 1292 1014 ist
1312 1005 1320 1013 .
1341 1005 1349 1013 .
1370 976 1404 1014 .“
1445 973 1627 1014 Varrone

191 1033 329 1078 medio
366 1039 644 1078 intercedente
679 1049 730 1078 ex
761 1037 924 1079 Graeco
959 1038 1072 1078 fonte
1105 1038 1173 1078 illa
1202 1038 1376 1079 fluxisse
1406 1050 1482 1090 pro
1513 1041 1625 1079 certo

190 1106 317 1155 ponit,
348 1105 426 1148 iam
458 1106 518 1153 iis,
549 1115 654 1156 quae
686 1105 738 1145 de
760 1104 1005 1145 excursibus
1028 1102 1289 1145 Sallustianis
1311 1105 1625 1157 disputavimus,

191 1170 273 1209 nixi
315 1181 366 1209 ex
406 1171 539 1220 ipsius
570 1169 786 1210 Posidonii
829 1171 944 1210 libris
980 1181 1029 1209 ea
1061 1171 1243 1210 derivata
1273 1181 1368 1211 esse
1399 1173 1508 1210 recte
1539 1173 1624 1210 sta-

188 1237 362 1282 tuemus,
393 1236 631 1286 praesertim
663 1246 755 1274 cum
787 1233 1036 1282 Sallustium,
1067 1246 1189 1286 quem
1215 1233 1409 1275 Caesaris
1438 1236 1624 1286 partibus

188 1299 340 1339 favisse
371 1303 543 1348 constet,
573 1300 828 1340 Varroniano
859 1300 1041 1351 quodam
1073 1311 1199 1351 opere
1222 1311 1340 1341 usum
1363 1311 1459 1341 esse
1481 1311 1624 1352 parum

189 1366 242 1405 sit
273 1365 501 1415 probabile.

546 1528 598 1569 11.
628 1528 694 1570 De
724 1526 840 1569 Livii
870 1526 1264 1581 digressionibus.

298 1615 378 1655 Iam
421 1616 732 1667 progrediamur
773 1616 826 1655 ad
862 1615 942 1655 Titi
984 1615 1067 1655 Livi
1111 1616 1179 1667 qui
1222 1619 1446 1667 supersunt
1487 1616 1627 1664 libros,

188 1691 297 1730 quos
334 1681 403 1731 qui
439 1681 656 1732 diligenter
690 1682 967 1730 perscrutatur
1001 1681 1100 1719 varii
1137 1682 1302 1732 generis
1338 1682 1626 1732 digressiones

189 1746 298 1785 haud
335 1746 389 1785 ita
424 1745 591 1796 quidem
622 1745 782 1797 amplas
813 1755 949 1797 eoque
980 1746 1115 1786 minus
1146 1747 1189 1785 ut
1218 1747 1257 1785 in
1287 1748 1348 1786 tot
1377 1746 1492 1787 libris
1523 1758 1625 1787 con-

188 1812 358 1862 spicuas
394 1813 471 1852 sed
507 1814 641 1851 tamen
676 1811 914 1862 frequentes
949 1812 1232 1861 deprehendit.
1290 1811 1454 1859 Quibus
1490 1814 1530 1851 in
1561 1814 1623 1852 in—

187 1877 377 1917 serendis
426 1878 465 1917 et
513 1876 777 1917 instituendis
823 1887 945 1928 quarn
990 1876 1128 1917 Livius
1172 1877 1396 1917 servaverit
1438 1888 1621 1918 normam

187 1944 475 1993 quatenusque
511 1943 683 1982 aliorum
715 1943 961 1992 scriptorum
993 1942 1225 1991 exemplum
1256 1944 1484 1992 respexerit
1513 1955 1621 1983 nunc

187 2008 451 2057 inquiramus.
509 2005 602 2053 Qua
637 2007 677 2045 in
714 2007 957 2056 quaestione
988 2006 1042 2045 ita
1071 2006 1337 2053 versabimur,
1373 2008 1417 2046 ut
1444 2007 1619 2057 primum

186 2073 255 2122 qui
300 2072 353 2112 ad
397 2072 607 2112 hominum
652 2081 790 2111 mores
833 2070 1110 2118 describendi,
1154 2071 1305 2110 deinde
1347 2072 1417 2121 qui
1459 2072 1512 2111 ad
1555 2083 1621 2112 res

187 2138 376 2176 narrandi
407 2138 604 2177 rationem
632 2136 834 2187 pertinent
859 2145 1060 2175 excursus
1082 2135 1409 2183 consideremus,
1439 2136 1620 2187 denique

186 2212 273 2251 eos,
295 2203 448 2254 quibus
469 2203 548 2253 ipsi
572 2202 791 2242 narrationi
812 2201 1066 2252 interpositis
1087 2211 1154 2241 res
1174 2212 1198 2241 a
1218 2202 1438 2252 proposito
1460 2202 1619 2243 alienae

185 2269 413 2308 tractantur.

191 2378 220 2412 l.
251 2375 366 2423 Qua
396 2377 617 2417 ratione
648 2377 699 2415 in
730 2377 980 2416 moribus
1015 2376 1396 2428 designandis
1427 2376 1621 2418 Livius

774 2442 850 2482 sit
884 2452 1030 2482 usus.

293 2528 352 2569 Ac
383 2530 557 2581 primum
588 2528 755 2580 quidem
787 2529 838 2569 de
869 2529 1045 2569 virorum
1077 2529 1218 2568 natura
1247 2528 1401 2577 indole,
1432 2530 1620 2580 corporis

132 2622 138 2626 .
185 2593 422 2646 ingeniique
451 2593 716 2635 facultatibus
736 2594 874 2635 Livius
904 2605 987 2634 non
1018 2593 1263 2634 excursibus
1294 2594 1347 2633 ab
1378 2596 1620 2646 argumento

294 2680 320 2722 ¹)
345 2681 379 2713 in
404 2680 553 2713 Hermae
578 2681 647 2713 vol.
664 2679 795 2713 XXVlll
819 2681 863 2720 (a.
885 2679 982 2720 1893)
1005 2688 1085 2722 pag.
1101 2679 1175 2713 345.
