1868 3093
214 324 373 365 toribus
395 321 505 360 dicta
525 319 628 359 inter
651 330 697 359 se
719 321 885 371 possint
905 323 1144 374 comparari.
1204 320 1432 370 Consentit‚
1457 322 1654 373 quantum

214 387 420 439 intellego,
451 385 671 427 Udalricus
713 386 765 426 de
794 385 1395 436 Wilamowitz-Moellendorft,
1417 388 1486 439 qui
1511 387 1655 428 scribit

215 451 381 503 haec¹):
427 449 539 498 „Der
578 450 781 490 Forscher
820 462 895 491 aus
936 451 1136 502 Apameia
1262 453 1417 493 lieterte
1457 463 1540 492 von
1571 453 1653 492 den

214 517 359 558 Kelten
390 515 482 555 eine
513 512 801 567 Schilderung,
832 516 898 556 die
929 517 1000 556 mit
1025 516 1383 568 hippokratischer
1404 516 1654 570 Diagnostik

214 584 298 623 ihre
341 580 533 632 Eigenart
573 579 847 628 herausfand3
888 580 971 620 ihm
1002 581 1152 633 gelang
1181 582 1247 621 die
1291 582 1654 634 Unterscheidung

215 648 288 687 der
308 643 555 693 Germanen,
586 645 713 685 deren
742 645 983 685 taciteische
1006 643 1281 698 Schilderung
1301 646 1370 685 auf
1390 647 1483 687 dern
1505 647 1652 687 Boden

215 713 353 753 dieser
381 710 738 762 poseidonischen
770 710 1013 751 erwachsen
1044 711 1132 750 ist.“

323 776 470 827 Neque
501 775 671 816 dubium
714 777 787 824 est,
829 776 927 827 quin
968 775 1139 816 Tacitus
1181 776 1336 816 ratione
1372 775 1654 816 Posidoniana

215 852 387 894 prorsus
418 844 580 882 servata
609 852 786 881 excursu
817 841 870 881 ab
892 841 1152 881 historiarum
1183 843 1424 893 argumento
1465 842 1516 880 de
1549 840 1653 881 Ger-

214 907 346 947 manis
368 907 519 946 docere
543 906 762 946 consilium
784 906 916 946 inierit
931 905 981 958 ²);
1008 917 1139 946 rerum
1160 917 1259 946 vero
1285 907 1452 946 materia
1474 909 1513 945 et
1533 907 1655 957 copia

214 972 418 1012 uberrima
447 971 609 1011 videtur
638 982 734 1012 esse
765 973 1009 1021 commotus,
1051 973 1093 1011 ut
1128 972 1307 1011 consilio
1338 972 1492 1011 mutato
1523 982 1655 1021 expo-

213 1038 406 1077 sitionem
430 1038 684 1076 crescentem
706 1047 790 1076 non
812 1037 1074 1087 interponere
1095 1037 1279 1076 historiis
1299 1038 1376 1076 sed
1398 1036 1656 1086 praemittere

214 1102 392 1142 animum
434 1102 657 1142 induceret.
725 1100 850 1150 Quod
893 1113 944 1142 eo
985 1102 1150 1143 facilius
1190 1102 1327 1142 facere
1372 1102 1515 1153 potuit,
1560 1102 1657 1152 quia

214 1166 375 1208 Seneca
390 1166 434 1219 3),
465 1168 609 1206 nescio
640 1178 692 1206 an
722 1168 832 1207 idem
863 1168 915 1207 ad
938 1167 1154 1207 Posidonii
1177 1167 1412 1218 exemplum
1442 1177 1489 1207 se
1519 1166 1656 1217 appli-

214 1242 326 1280 cans,
358 1232 409 1271 de
439 1231 630 1284 Aegypto
661 1233 700 1272 et
730 1232 844 1272 India
874 1232 1040 1272 libellos
1071 1232 1267 1272 ediderat.

398 1350 434 1389 3.
465 1349 539 1389 De
570 1351 940 1390 historiarum
971 1351 1458 1404 digressionibus.

321 1426 385 1466 Ad
416 1428 611 1467 historias
641 1428 776 1475 venio,
806 1438 913 1477 quae
935 1426 1198 1468 Germaniam
1229 1430 1398 1467 secutae
1427 1429 1532 1466 sunt.
1591 1426 1654 1466 De

213 1491 366 1542 quibus
396 1492 496 1542 quid
527 1492 844 1532 existimandum
874 1493 928 1532 sit
957 1494 1000 1532 ut
1027 1492 1254 1540 videamus,
1284 1492 1459 1544 primum
1486 1502 1562 1532 eos
1584 1492 1653 1543 qui

213 1557 253 1596 in
285 1558 496 1597 hominum
528 1558 713 1598 moribus
755 1558 1046 1598 describendis
1074 1560 1288 1599 versantur
1318 1569 1519 1598 excursus
1551 1569 1653 1597 con-

212 1622 455 1663 sideremus.
524 1622 674 1662 Paucis
719 1624 827 1663 enim
869 1623 974 1663 locis
1018 1623 1071 1663 de
1114 1624 1202 1662 viro
1247 1623 1399 1675 insigni
1446 1623 1654 1662 mentione

211 1687 319 1728 facta
348 1699 431 1728 non
463 1699 513 1728 ea
542 1688 689 1737 solum,
720 1699 827 1739 quae
868 1689 921 1729 ad
958 1689 1231 1729 narrationem
1266 1688 1549 1728 illustrandam
1580 1699 1654 1727 ne-

212 1754 396 1793 cessaria
435 1754 500 1792 vel
542 1754 696 1793 idonea
735 1756 840 1801 sunt,
882 1754 1059 1801 exhibet,
1100 1754 1178 1794 sed
1209 1754 1428 1805 imaginem
1460 1754 1551 1792 eius
1580 1753 1654 1792 viti

212 1817 421 1858 luculento
452 1819 579 1859 modo
621 1830 863 1871 expressam
900 1820 1025 1860 nobis
1055 1820 1262 1871 proponit.
1322 1817 1452 1860 Cuius
1482 1819 1538 1858 rei
1569 1819 1653 1858 duo

211 1886 373 1923 servata
403 1886 498 1924 sunt
527 1885 739 1935 exempla:
769 1884 782 1924 1
809 1885 858 1924 10
882 1885 1061 1925 Licinius
1091 1885 1324 1933 Mucianus,
1356 1885 1474 1924 cuius
1505 1884 1654 1923 milites

210 1949 264 1988 ad
295 1948 448 1989 bellurn
479 1950 663 1989 nondum
705 1952 1059 1998 consurrexerunt,
1102 1960 1183 2001 qua
1225 1961 1307 1989 non
1339 1950 1475 1990 solum
1506 1951 1651 1989 aucto-

212 2014 325 2053 ritate
355 2015 466 2065 apud
498 2014 646 2054 milites
673 2025 775 2055 usus
796 2015 849 2055 sit
870 2016 1159 2066 comperimus,
1190 2015 1266 2055 sed
1298 2016 1418 2055 etiam
1450 2025 1554 2065 quas
1586 2025 1651 2054 res

210 2080 397 2131 gesserit,
439 2080 591 2130 quibus
632 2080 846 2120 virtutibus
889 2082 928 2120 et
963 2080 1073 2120 vitiis
1103 2080 1326 2120 eminuerit.
1384 2079 1433 2119 Et
1463 2080 1513 2119 IV
1542 2080 1567 2119 5
1598 2080 1651 2119 de

211 2144 388 2184 Helvidii
419 2143 548 2185 Prisci
579 2145 620 2184 in
650 2146 795 2185 senatu
826 2145 953 2185 libere
984 2144 1109 2185 locuti
1141 2145 1298 2197 origine
1322 2145 1416 2192 vita,
1446 2144 1649 2195 probitate

211 2211 443 2250 constantia
465 2211 630 2250 disserit
651 2211 712 2250 sic
732 2210 894 2251 veniam
915 2210 1146 2262 praefatus:
1175 2209 1256 2253 Res
1279 2221 1453 2261 poscere
1482 2210 1650 2262 videtur,

211 2277 404 2325 quoniam
435 2277 578 2316 iterum
608 2277 647 2315 in
677 2277 918 2316 mentionem
948 2276 1163 2316 incidimus
1199 2277 1275 2316 viri
1300 2276 1468 2326 saepius
1497 2285 1649 2315 memo—

210 2341 342 2388 randi,
384 2344 428 2381 ut
467 2342 590 2382 vitam
630 2342 850 2394 studiaque
890 2343 986 2389 eius,
1028 2345 1066 2382 et
1105 2342 1221 2393 quali
1251 2341 1424 2393 fortuna
1459 2342 1514 2381 sit
1540 2352 1649 2386 usus,

205 2408 357 2454 paucis
386 2410 578 2456 repetam.
637 2406 803 2454 Quibus
823 2408 963 2447 verbis
984 2409 1124 2458 aperte
1145 2418 1386 2447 revocamur
1415 2407 1468 2446 ad
1490 2405 1650 2446 Sallus-

321 2515 344 2555 1)
369 2515 487 2548 Kultur
511 2516 574 2549 der
597 2514 820 2558 Gegenwart,
844 2516 865 2557 1,
889 2516 911 2549 8
935 2517 979 2557 (a.
1007 2516 1101 2557 1907)
1127 2525 1207 2559 pag.
1236 2515 1308 2550 109.

320 2570 343 2610 ²)
366 2569 430 2603 Th.
455 2569 668 2611 Mommsen,
692 2569 817 2607 Reden
841 2579 873 2604 u.
897 2570 1075 2612 Aufsatze,
1100 2580 1131 2605 a.
1159 2570 1250 2612 1905,
1275 2579 1356 2613 pag.
1385 2570 1455 2604 152.

298 2624 344 2665 ,3)
370 2624 463 2658 conf.
498 2625 535 2659 E.
570 2625 727 2666 Norden,
763 2625 994 2668 Kunstprosa,
1030 2627 1073 2668 (a.
1102 2626 1198 2668 1909)
1234 2634 1313 2668 pag.
1337 2625 1412 2666 326,
1441 2625 1521 2658 adn.
1547 2625 1567 2658 2
1591 2626 1652 2665 (cx

208 2676 339 2711 Leonis
363 2680 563 2720 sententia).
