1868 3093
820 162 1092 202 -55-

283 412 398 460 20,3:
411 422 507 451 sera
520 412 707 451 iuvenum
721 421 856 457 venas,
870 442 878 450 .
891 440 899 448 .
914 440 921 448 .

229 488 302 517 nec
311 477 486 527 virgines
491 475 745 527 festinantur
750 489 765 523 ;
778 478 922 516 eadem

229 543 403 587 iaventa,
434 542 580 581 similis
602 542 849 591 proceritas.

284 738 348 784 21,
364 737 405 776 2:
437 736 702 780 Convictibus
724 740 764 777 et
781 737 923 788 bospi-

230 803 296 842 tiis
344 813 426 842 non
476 802 562 842 alia
600 813 707 854 gens
750 801 924 854 effusius

230 868 423 918 indulget.
482 878 776 918 quemcumque
812 879 923 908 mor-

230 933 372 973 talium
404 943 547 972 arcere
577 935 681 973 tecto
706 932 826 984 nefas
845 933 923 973 ha-

231 999 368 1045 betar;
409 1009 491 1048 pro
533 997 708 1048 fortuna
752 999 925 1049 quisque

231 1064 452 1114 apparatis
491 1063 622 1114 epulis
657 1064 807 1114 excipit
839 1095 847 1102 .
878 1095 885 1103 .
916 1095 924 1103 .

231 1140 305 1170 nec
335 1130 520 1169 interest:
542 1129 646 1179 pari
671 1129 925 1169 humanitate

231 1195 496 1244 accipiantur.
510 1197 649 1233 notam
663 1194 925 1244 ignotamque

230 1262 428 1311 qaantam
451 1260 510 1298 ad
528 1259 591 1298 ias
611 1259 786 1309 hospitis
805 1269 923 1299 nemo

231 1325 435 1364 discernit.
513 1324 689 1371 abeanti,
740 1324 780 1363 si
825 1324 927 1374 qaid

227 1390 475 1439 poposcerit,
487 1388 710 1428 concedere
721 1388 864 1435 mor1's,·
877 1416 885 1424 .
897 1419 904 1427 .
915 1419 924 1427 .

285 1520 349 1567 22,
371 1520 413 1558 2:
445 1518 638 1565 Crebrae,
669 1522 715 1559 at
739 1519 844 1558 Inter
863 1519 924 1558 vi—

231 1586 425 1633 nolenteS‚
455 1585 572 1625 rixae
600 1595 699 1625 raro
721 1585 923 1631 conviciis,

229 1652 400 1701 saepias
443 1651 571 1690 caede
615 1653 655 1689 et
692 1650 925 1689 vulneribus

233 1716 527 1766 transigantur.

287 1846 352 1893 22,
372 1846 415 1885 4:
439 1856 546 1897 gens
575 1855 657 1885 non
688 1847 827 1884 astata
854 1855 927 1884 nec

232 1911 388 1951 callida
418 1911 552 1960 aperit
575 1910 711 1949 adhuc
742 1909 801 1961 (in
824 1920 927 1949 con—

231 1975 371 2028 viviis)
392 1978 552 2016 secreta
567 1976 750 2025 pectoris
766 1976 927 2015 licentia

231 2043 332 2088 ioci,-

286 2107 351 2154 23,
377 2107 413 2145 l:
442 2103 568 2146 Potai
591 2105 740 2145 hamar
759 2116 809 2145 ex
828 2105 926 2145 bor—

232 2173 309 2211 deo
329 2174 402 2211 aat
408 2170 630 2222 frumento,
652 2171 692 2210 in
713 2170 927 2221 quandam

231 2237 536 2277 similitudinem
575 2237 658 2276 vini
691 2239 926 2287 corruptas:

225 2303 412 2354 proximi
440 2303 556 2351 ripae
586 2304 625 2341 et
653 2302 788 2341 vinam
817 2312 927 2341 mer-

233 2370 391 2409 cantar.
435 2367 515 2407 cibi
532 2367 738 2418 simplices
758 2399 767 2407 .
788 2399 796 2407 .
818 2398 826 2407 .
848 2366 927 2406 ad-

232 2444 376 2473 versas
404 2433 512 2472 silim
543 2443 624 2472 non
655 2432 799 2472 eadem
826 2435 927 2472 tem-

228 2498 435 2549 perantia.
455 2498 495 2537 si
508 2497 727 2537 indulseris
740 2496 931 2537 ebrietati

178 2562 188 2571 “
232 2562 494 2615 suggerendo
538 2565 734 2613 quantam
776 2573 927 2603 conca-

224 2630 403 2681 piscant,
456 2628 573 2668 baad
620 2629 755 2668 minas
796 2627 927 2679 facile

954 273 957 303 Ι
991 268 1158 320 ἐσχάραι
1194 275 1346 307 κεῖνται
1381 272 1572 319 γέμουσαι
1607 280 1689 306 πυ-

991 332 1061 384 ρὸς
1088 364 1097 372 .
1127 366 1135 374 .
1166 364 1174 371 .

1045 410 1109 458 32,
1139 410 1181 449 2;
1225 407 1268 446 αἱ
1309 407 1351 447 δὲ
1386 416 1570 459 γυναῖκες
1603 417 1688 448 τῶν

990 474 1180 513 Γαλατῶν
1216 473 1261 512 οὐ
1296 474 1417 523 μόνον
1451 481 1539 520 τοῖς
1570 478 1689 524 μεγέ->

990 542 1086 578 θεσι
1099 539 1382 592 παραπλήσιοι
1394 545 1480 585 τοῖς
1493 538 1688 592 ἀνδράσιν

992 604 1103 654 εἰσίν,
1151 605 1253 643 ἀλλὰ
1300 604 1367 642 καὶ
1409 611 1499 650 ταῖς
1542 604 1690 651 ἀλκαῖς

991 668 1209 720 ἐνάμιλλοι.

1046 737 1110 784 28,
1139 737 1182 776 5:
1222 736 1385 774 καλοῦσι
1422 734 1464 773 δὲ
1492 735 1560 773 καὶ
1588 735 1690 781 τοὺς

993 802 1129 850 ξένους
1169 800 1240 840 ἐπὶ
1279 802 1352 847 τὰς
1390 800 1573 850 εὐωχίας,
1615 800 1683 839 καὶ

991 867 1092 915 μετὰ
1139 866 1185 904 τὸ
1234 866 1399 904 δεῖπνον
1447 864 1680 917 ἐπερωτῶσι

992 933 1097 977 τίνες
1144 930 1221 969 εἰσὶ
1268 931 1336 969 καὶ
1380 933 1501 969 τίνων
1543 933 1689 983 χρείαν

992 996 1159 1044 ἔχουσιν.
1200 997 1263 1044 34,
1290 998 1303 1035 l
1331 995 1403 1047 (de
1425 995 1664 1048 Celtiberis)
1675 1010 1689 1033 z.

992 1060 1101 1114 πρὸς
1130 1060 1173 1099 δὲ
1202 1061 1296 1107 τοὺς
1325 1062 1461 1109 ξένους
1490 1059 1690 1107 ἐπιεικεῖς

991 1127 1057 1165 καὶ
1103 1127 1410 1179 φιλάνθρωποι.
1474 1127 1569 1172 τοὺς
1607 1128 1689 1178 γὰρ

993 1190 1318 1244 ἐπιδημήσαντας
1342 1192 1479 1240 ξένους
1507 1191 1692 1238 ἅπαντες

992 1257 1150 1306 ἀξιοῦσι
1179 1254 1279 1309 παρ’
1301 1256 1438 1311 αὐτοῖς
1467 1259 1684 1296 ποιεῖσθαι

991 1323 1064 1368 τὰς
1092 1323 1328 1368 καταλύσεις
1352 1322 1420 1359 καὶ
1441 1321 1547 1373 πρὸς
1567 1321 1690 1372 ἀλλή-

992 1387 1086 1433 λους
1106 1385 1354 1436 ἁμιλλῶνται
1370 1386 1465 1439 περὶ
1483 1393 1554 1438 τῆς
1568 1386 1689 1437 φιλο-

994 1454 1137 1500 ξενίας.

1047 1518 1111 1566 28,
1132 1519 1173 1557 5:
1204 1516 1380 1555 εἰώθασι
1410 1515 1453 1556 δὲ
1482 1516 1548 1554 καὶ
1569 1517 1691 1568 παρὰ

992 1582 1037 1622 τὸ
1080 1582 1245 1621 δεῖπνον
1287 1581 1329 1620 ἐκ
1369 1589 1449 1621 τῶν
1483 1583 1690 1630 τυχόντων

994 1647 1099 1699 πρὸς
1113 1648 1184 1698 τὴν
1198 1647 1266 1686 διὰ
1278 1654 1358 1685 τῶν
1372 1647 1500 1698 λόγων
1514 1647 1691 1697 ἅμιλλαν

994 1715 1272 1766 καταστάντες,
1332 1711 1373 1751 ἐκ
1427 1713 1693 1764 προκλήσεως

994 1783 1238 1826 μονομαχεῖν
1267 1776 1373 1829 πρὸς
1402 1776 1606 1830 ἀλλήλους.

1050 1844 1114 1891 31,
1149 1844 1185 1884 l:
1222 1843 1325 1881 κατὰ
1354 1842 1397 1881 δὲ
1426 1843 1498 1888 τὰς
1527 1842 1693 1891 ὁμιλίας·

995 1908 1235 1960 βραχυλόγοι
1259 1907 1325 1945 καὶ
1350 1906 1599 1958 αἰνιγματίαι
1619 1908 1685 1946 καὶ

996 1974 1046 2011 τὰ
1086 1973 1220 2011 πολλὰ
1258 1971 1526 2022 αἰνιττόμενοι
1555 1986 1693 2012 συνεκ-

997 2037 1176 2086 δοχικῶς.

1051 2104 1114 2152 26,
1128 2105 1170 2143 2:
1193 2104 1308 2152 πόμα
1325 2103 1693 2151 κατασκευάζουσιν

997 2167 1038 2206 ἐκ
1068 2175 1138 2220 τῆς
1156 2171 1304 2221 κριθῆς
1323 2167 1369 2207 τὸ
1390 2169 1690 2222 προσαγορευό-

995 2248 1113 2284 μενον
1156 2234 1293 2284 ζῦθος,
1335 2235 1403 2273 καὶ
1460 2236 1511 2274 τὰ
1567 2237 1692 2287 κηρία.

996 2300 1213 2347 πλύνοντες
1237 2303 1294 2351 τῷ
1320 2301 1472 2339 τούτων
1499 2299 1685 2339 ἀποπλύ-

960 2363 964 2417 Ι
995 2381 1092 2415 ματι
1112 2373 1298 2418 χρῶνται.
1335 2367 1517 2404 κάτοινοι
1537 2362 1690 2412 δ’ὂντες

996 2428 1093 2469 καθ’
1107 2430 1334 2482 ὑπερβολὴν
1346 2429 1416 2469 τὸν
1430 2430 1687 2481 εἰσαγόμενον

995 2495 1076 2535 ὑπὸ
1090 2504 1170 2534 τῶν
1185 2495 1375 2548 ἐμπόριον
1390 2492 1498 2534 οἶνον
1513 2494 1689 2547 ἄκρατον

997 2560 1280 2615 ἐμφοροῦνται,
1309 2561 1376 2600 καὶ
1407 2560 1475 2600 διὰ
1503 2561 1574 2613 τὴν
1599 2560 1695 2601 ἐπι·-

995 2630 1150 2678 θυμιάν
1197 2628 1332 2679 λάβρῳ
1381 2629 1582 2679 χρώμενοι
1628 2630 1693 2677 τῷ
