1868 3093
809 191 1079 230 -75-

221 298 467 338 credebatur
507 299 670 349 epulari
702 299 847 339 a't’ebus
877 301 999 340 certis
1028 301 1118 347 dea,
1160 300 1275 340 cuius
1304 300 1476 351 eratae
1498 300 1671 346 nomine,

221 364 412 403 exaudiri
436 375 611 404 sonores
641 396 649 404 .
679 396 687 404 .
718 396 725 404 .
785 363 1024 405 Sallustium
1055 366 1176 418 igitur
1205 365 1344 418 negari
1376 366 1518 417 nequit
1546 375 1669 416 pere-

220 430 360 481 grinas
397 430 678 481 descripsisse
715 430 952 483 religiones.
1010 430 1224 483 Originem
1255 442 1423 482 quoque
1455 431 1560 471 deae
1590 431 1668 471 ini—

218 495 357 545 tiaque
396 495 531 534 cultus
567 495 724 535 amissa
762 496 803 534 in
840 506 1043 536 excursus
1079 498 1194 547 parte
1231 507 1324 536 eum
1361 496 1561 536 docuisse
1591 495 1669 535 etsi

220 559 493 601 demonstrari
516 571 600 600 non
622 562 771 612 potest,
801 562 950 610 tamen,
980 563 1023 602 ut
1045 561 1120 602 fuit
1142 572 1382 614 propensus
1403 561 1456 602 ad
1479 572 1668 613 quarum-

219 627 283 666 vis
343 636 474 666 rerum
533 626 647 666 initia
695 627 1010 677 interponenda,
1069 628 1154 667 veri
1204 628 1314 667 haud
1363 628 1524 667 videtur
1572 637 1668 667 esse

220 690 436 731 dissimile.

333 754 524 806 Copiosa
560 767 667 807 quae
704 757 743 795 in
775 756 881 796 libro
912 758 1056 807 quinto
1088 758 1265 797 occurrit
1294 757 1503 808 expositio
1534 757 1669 804 restat,

220 832 302 873 qua
338 821 532 862 absoluta
570 832 718 862 omnes
754 822 1014 862 historiarum
1046 833 1249 863 excursus
1279 825 1397 862 erunt
1425 823 1668 874 pertractati.

222 887 467 927 ludaeorum
496 888 604 927 enim
634 889 836 940 originem
857 890 1004 928 terram
1026 899 1093 928 res
1115 890 1266 940 gestas,
1288 890 1511 939 postquam
1530 888 1667 928 Titum

220 953 273 993 ad
323 964 400 993 eos
450 953 765 1004 perdomandos
820 953 1050 1004 profectum
1102 965 1198 995 esse
1248 955 1439 1002 narravit,
1491 954 1669 1005 explicat

220 1019 273 1070 (V
293 1019 448 1070 2-10)
480 1020 542 1059 sic
574 1020 737 1059 veniam
759 1020 985 1070 praefatus:
1015 1018 1102 1060 Sed
1129 1020 1322 1070 quoniam
1339 1019 1535 1071 famosae
1555 1018 1670 1059 urbis

219 1096 453 1134 supremum
485 1085 590 1124 diem
620 1084 804 1124 habituri
829 1095 980 1130 sumus,
1012 1095 1240 1134 congruens
1264 1085 1423 1124 videtur
1435 1083 1669 1134 primordia

220 1150 307 1189 eius
355 1150 527 1200 aperire.
604 1147 818 1190 Similibus
868 1149 1035 1200 quidem
1086 1150 1226 1190 causis
1270 1149 1405 1190 allatis
1447 1147 1668 1190 Sallustius

219 1215 401 1267 gentium
439 1217 718 1265 terrarumque
758 1215 1065 1266 descriptiones
1100 1215 1284 1256 historiis
1321 1215 1508 1263 subiecit,
1543 1215 1667 1255 veluti

220 1281 272 1320 de
304 1280 529 1321 Heracleae
560 1279 759 1321 Ponticae
790 1281 1104 1333 oppugnatione
1136 1283 1369 1321 narraturus
1395 1280 1514 1321 Ponti
1545 1281 1667 1321 situm

219 1347 442 1387 subiunxit.
500 1346 649 1387 Verum
692 1347 773 1386 hoc
816 1347 969 1387 nullius
1012 1349 1076 1387 est
1116 1348 1311 1387 momenti
1354 1347 1433 1387 nisi
1470 1347 1563 1397 ipsa
1593 1347 1667 1386 de-

221 1413 394 1463 scriptio
439 1410 703 1453 Sallustianis
748 1412 828 1452 illis
879 1413 1214 1464 digressionibus
1263 1413 1419 1451 ratione
1469 1413 1668 1463 congruit.

221 1477 347 1525 Quod
380 1488 464 1528 quo
496 1478 582 1517 iure
604 1477 828 1517 affirmetur
848 1479 891 1517 ut
910 1478 1138 1525 videamus,
1160 1477 1321 1517 Africae
1344 1478 1668 1529 descriptionem

221 1544 419 1595 integram
452 1545 655 1583 servatam
686 1543 797 1583 iuvat
826 1543 1036 1583 adhibere.
1093 1542 1228 1594 Atque
1257 1543 1448 1583 videmus
1478 1543 1667 1583 Tacitum

219 1610 394 1659 primum
437 1609 697 1648 heroicorum
738 1610 971 1659 temporum
1013 1610 1210 1649 memoria
1251 1609 1423 1659 repetita
1464 1608 1578 1658 quod
1615 1608 1667 1647 de

220 1675 465 1715 ludaeorum
516 1675 683 1714 nomine.
728 1676 768 1713 et
811 1675 970 1725 origine
1017 1676 1273 1724 compertum
1316 1674 1440 1714 habet
1484 1673 1667 1725 proferre

222 1739 274 1789 (c.
304 1740 431 1787 2—3;
462 1739 511 1779 cf.
534 1737 628 1779 Sall.
651 1738 733 1792 lug.
755 1750 788 1779 c.
814 1739 891 1791 18),
923 1739 1074 1779 deinde
1106 1740 1158 1780 de
1190 1740 1375 1780 moribus
1405 1741 1445 1780 et
1474 1739 1668 1780 institutis

220 1806 466 1845 ludaeorum
498 1804 550 1856 (c.
579 1805 706 1852 4—5;
742 1805 791 1844 cf.
823 1803 919 1845 Sall.
951 1816 983 1844 c.
1018 1804 1096 1856 18),
1133 1805 1184 1844 de
1214 1806 1344 1844 terrae
1378 1804 1534 1844 finibus
1563 1807 1667 1844 tem-

222 1872 383 1922 pestate
425 1870 615 1922 frugibus
658 1880 869 1920 exponere
913 1869 966 1922 (c.
995 1870 1120 1918 6—7;
1162 1869 1210 1910 cf.
1242 1868 1336 1909 Sall.
1369 1880 1401 1909 c.
1436 1870 1494 1915 17,
1529 1868 1667 1921 4-6).

220 1935 355 1984 Quam
378 1936 597 1988 diligenter
618 1936 658 1975 in
680 1937 785 1976 terra
807 1935 1087 1976 describenda
1104 1934 1286 1977 Sallustii
1309 1936 1483 1987 vestigia
1497 1935 1668 1975 Tacitus

219 2003 418 2053 presserit
448 2012 499 2041 ex
529 2012 581 2041 eo
612 2001 757 2049 elucet,
789 2002 902 2052 quod
933 2001 998 2041 vel
1031 2001 1195 2053 singula
1221 2003 1402 2052 possunt
1422 2001 1668 2052 comparari;

219 2067 412 2107 conferas
444 2065 539 2107 Sall.
572 2077 604 2107 c.
639 2067 698 2115 17,
727 2067 769 2106 5:
800 2077 901 2118 ager
921 2066 1092 2118 frugum
1114 2065 1267 2118 fertiliS
1291 2099 1299 2107 .
1321 2097 1357 2106 ..
1387 2066 1502 2107 caelo
1532 2068 1668 2107 terra-

220 2144 298 2183 que
310 2133 491 2183 penuria
516 2143 730 2182 aquarum.
757 2143 892 2182 genus
914 2132 1121 2171 hominum
1141 2131 1304 2171 salubri
1330 2142 1512 2182 corpore,
1542 2132 1667 2175 velox,

213 2198 382 2249 patiens
425 2197 614 2238 laborum
651 2229 659 2238 .
781 2199 820 2238 et
859 2196 896 2237 T
898 2208 957 2238 ac.
1000 2208 1033 2238 c.
1074 2197 1111 2246 6,
1154 2197 1196 2238 3:
1241 2208 1419 2248 corpora
1463 2197 1667 2238 hominum

218 2264 406 2304 salubria
449 2267 487 2303 et
517 2262 699 2314 ferentia
740 2263 929 2303 laborum
960 2293 967 2301 .
998 2295 1005 2303 .
1037 2295 1045 2303 .
1074 2264 1165 2303 rari
1196 2262 1354 2308 imbres,
1397 2263 1497 2303 uber
1524 2263 1667 2303 solum.

219 2328 411 2381 Denique
441 2329 613 2370 Tacitus
656 2339 833 2370 exorsus
875 2340 899 2369 a
929 2328 1145 2381 Pompeio,
1188 2329 1257 2380 qui
1301 2330 1458 2380 primus
1489 2328 1667 2370 ludaeos

220 2396 389 2444 domuit,
431 2406 497 2435 res
539 2406 563 2435 a
593 2394 791 2438 Romanis
836 2395 876 2435 in
908 2395 1060 2435 ludaea
1101 2404 1234 2445 usque
1276 2395 1329 2434 ad
1370 2394 1450 2434 Titi
1492 2396 1666 2435 aetatem

220 2463 361 2512 gestas
393 2460 719 2511 comprehendit,
756 2461 810 2500 ita
840 2462 883 2500 ut
913 2471 946 2500 c.
982 2461 1023 2499 ll
1061 2460 1113 2499 ad
1144 2461 1406 2511 propositum
1435 2461 1668 2500 revertatur.

275 2524 371 2572 Quo
414 2526 453 2565 in
496 2537 674 2565 excursu
718 2525 1015 2576 componendo
1059 2536 1234 2575 quorum
1279 2527 1492 2565 auctorum
1537 2525 1668 2564 libros

218 2590 389 2630 Tacitus
431 2590 576 2630 adierit
618 2591 936 2643 diligentissime
979 2592 1019 2630 et
1059 2590 1308 2642 saepissime
1349 2590 1423 2630 viri
1460 2590 1570 2630 docti
1602 2590 1666 2630 in-

219 2656 488 2707 quisiverunt,
518 2657 572 2696 ita
602 2656 769 2707 quidem
803 2658 845 2696 ut
875 2656 981 2696 alios
1012 2656 1102 2696 eius
1133 2656 1254 2696 locos
1279 2656 1372 2695 aliis
1392 2656 1667 2706 scriptoribus
