1868 3093
801 231 1071 270 -54-

212 338 339 386 Quod
382 341 581 390 spectans
622 340 663 379 in
707 340 839 391 prima
880 340 1040 380 decade
1078 343 1245 380 auctore
1281 340 1489 380 annalium
1520 341 1660 392 aliquo

213 406 415 455 scriptore
447 407 487 444 et
517 403 796 447 Romanorum
827 406 868 445 et
898 405 1143 454 Latinorum,
1174 406 1243 456 qui
1271 406 1340 445 diu
1366 405 1537 446 foedere
1558 406 1662 445 inter

212 479 259 508 se
283 470 407 509 iuncti
432 470 594 519 proelio
618 479 714 509 sese
737 470 1021 520 expedierunt,
1045 471 1176 510 aciem
1204 470 1355 521 pariter
1379 470 1659 521 manipulatim

213 536 410 574 structam
449 535 760 575 accuratissime
800 535 999 576 describit
1035 535 1136 586 (Vlll
1165 535 1386 587 8,3—19).
1448 534 1577 576 Porro
1607 536 1660 575 de

212 610 290 639 usu
327 600 547 639 fundarum
585 600 803 649 (XXXVlll
833 601 898 648 29,
921 601 1048 652 3—7)
1089 604 1129 640 et
1170 602 1222 641 de
1261 600 1660 652 Cestrosphendone

213 675 320 716 quae
350 667 524 705 vocatur
554 665 718 718 (XXXll
748 666 812 714 65,
832 666 984 717 9—10)
1006 676 1057 705 ex
1079 666 1260 706 historiis
1282 665 1444 718 Polybii
1461 665 1492 719 ¹)
1515 667 1661 707 hausta

213 732 413 771 nonnulla
456 732 638 782 praebet.
698 732 841 771 Eidem
880 730 1057 782 Polybio
1073 730 1106 782 ²)
1143 741 1192 771 ea
1221 731 1434 779 debentur,
1470 742 1576 783 quae
1607 732 1659 771 de

213 794 428 837 Gallorum
467 807 544 837 usu
588 797 802 849 pugnandi
835 795 1050 847 (XXXVlll
1079 797 1143 844 21,
1163 795 1317 848 8—12)
1348 798 1388 836 et
1417 797 1470 836 de
1501 796 1660 837 ludicro

213 862 389 901 circensi
429 862 469 900 in
512 871 632 901 usum
675 861 772 900 belli
815 871 938 900 verso
971 861 1160 912 leguntur
1188 860 1309 900 XLIV
1338 861 1374 908 9,
1397 861 1517 900 3-7.
1575 859 1659 901 Sed

215 926 269 966 ab
291 927 356 967 his
379 927 496 975 locis,
518 927 589 978 qui
611 926 753 977 aliquo
774 927 903 967 modo
924 927 977 966 ad
1000 927 1134 977 ipsam
1156 927 1429 966 narrationem
1446 927 1660 977 pertinent,

215 1002 323 1031 unus
359 992 506 1039 differt,
544 992 614 1042 qui
651 992 765 1031 nullo
801 992 969 1031 vinculo
1006 1003 1098 1031 curn
1134 993 1375 1043 argumento
1413 992 1659 1031 coniunctus

214 1057 401 1096 nonnihil
417 1057 541 1097 habet
555 1057 815 1098 offensionis.
842 1057 979 1097 Livius
993 1057 1101 1097 enim
1116 1058 1338 1108 postquam
1354 1057 1502 1098 milites
1512 1056 1658 1100 Roma-

213 1133 293 1161 nos
314 1123 465 1161 vallum
488 1124 663 1162 caedere
686 1125 725 1161 et
741 1133 883 1173 parare
901 1123 1043 1161 iussos
1065 1132 1160 1161 esse
1178 1122 1364 1169 narravit,
1395 1133 1418 1161 a
1439 1123 1658 1172 proposito

215 1187 451 1239 digreditur,
494 1189 537 1227 ut
577 1186 796 1239 Polybium
839 1189 890 1227 ad
932 1187 1103 1227 verbum
1134 1197 1268 1238 paene
1300 1187 1544 1228 exscribens
1574 1198 1658 1238 quo

215 1254 332 1292 vario
392 1254 520 1293 modo
571 1251 721 1294 Graeci
781 1255 820 1293 et
868 1252 1040 1295 Romani
1097 1253 1217 1293 vallis
1266 1254 1329 1293 usi
1380 1254 1461 1293 sint
1509 1253 1660 1293 doceat

214 1317 394 1369 (XXXlll
415 1318 452 1364 5,
475 1317 642 1370 5—12).
714 1316 808 1366 Qua
845 1318 1156 1370 comparatione
1192 1320 1234 1357 ut
1267 1319 1456 1358 narrandi
1493 1328 1658 1359 cursum

213 1385 536 1434 interrumperet,
579 1395 744 1424 summo
783 1395 867 1434 quo
899 1383 1111 1426 Romanos
1148 1384 1394 1435 complexus
1425 1386 1490 1424 est
1518 1395 1658 1424 amore

213 1448 369 1487 Livium
402 1451 653 1488 commotum
680 1459 776 1489 esse
798 1453 986 1500 appare13
1017 1448 1229 1490 Romanos
1255 1449 1363 1488 enim
1386 1447 1560 1489 Graecis
1581 1449 1658 1488 hac

213 1525 254 1553 re
286 1516 547 1564 praestantes
577 1514 799 1554 ostendere
830 1515 972 1565 potuit.

324 1578 603 1620 Romanorum
626 1579 807 1629 denique
829 1579 1036 1618 annalium
1059 1579 1273 1629 scriptoris
1295 1588 1391 1618 esse
1413 1579 1660 1630 intellegitur

214 1645 253 1684 in
287 1643 485 1687 Romanis
532 1644 657 1685 rebus
702 1655 747 1685 se
794 1645 1016 1692 continere,
1058 1645 1099 1684 id
1141 1645 1255 1695 quod
1299 1644 1437 1684 Livius
1478 1645 1570 1695 ipse
1611 1655 1657 1684 se

216 1711 477 1760 propositum
519 1710 671 1749 habere
714 1710 927 1760 profitetur
963 1709 1003 1761 (l.
1034 1709 1200 1749 XXXIX
1237 1721 1270 1749 c.
1299 1709 1363 1757 48,
1383 1708 1439 1762 6).
1501 1709 1659 1761 Neque,

215 1777 250 1816 si
294 1776 425 1816 libros
467 1776 557 1816 eius
600 1777 914 1827 perscrutamur,
956 1776 1213 1827 exspectatio
1251 1778 1391 1816 nostra
1428 1776 1659 1816 destituitur

215 1843 292 1880 nisi
344 1842 513 1880 duobus
566 1842 683 1887 locis,
734 1841 886 1891 quibus
930 1852 994 1880 res
1036 1842 1089 1879 ad
1131 1841 1230 1879 illud
1272 1842 1532 1891 propositum
1574 1851 1657 1879 non

214 1908 453 1958 spectantes
484 1906 649 1958 profert.
699 1905 884 1954 Quorum
916 1907 1044 1947 altero
1076 1906 1269 1958 (V11124)
1295 1906 1501 1946 annalium
1524 1907 1657 1957 scrip-

213 1975 343 2012 torem
385 1972 565 2022 aliquem
608 1971 815 2012 adhibens
852 1972 1029 2011 breviter
1063 1972 1116 2011 de
1146 1970 1406 2011 Alexandrea
1442 1971 1511 2010 illo
1548 1982 1657 2010 anno

214 2038 395 2085 condita,
428 2038 648 2089 copiosius
671 2038 723 2077 de
746 2037 968 2077 Alexandri
995 2037 1211 2088 Epirensis
1230 2036 1314 2077 tine
1336 2037 1517 2088 exponit,
1547 2036 1659 2076 nulla

213 2104 293 2143 alia
336 2104 388 2143 de
431 2114 559 2143 causa
602 2114 725 2154 quam
768 2103 865 2154 quia
906 2103 972 2143 hic
1014 2114 1084 2142 rex
1114 2103 1154 2142 in
1191 2102 1301 2142 Italia
1332 2102 1484 2142 bellum
1516 2103 1657 2154 gessit.

213 2168 391 2209 Alterius
414 2179 627 2217 excursus,
649 2180 733 2220 quo
756 2167 1098 2219 Philopoemenis
1115 2168 1267 2208 exitum
1285 2170 1418 2208 narrat
1433 2167 1475 2220 (l.
1491 2167 1656 2208 XXXlX

211 2234 406 2287 49—50),
449 2245 571 2286 quam
614 2235 739 2287 longe
781 2245 805 2274 a
846 2245 887 2274 re
929 2235 1090 2274 aberret
1130 2234 1210 2274 sibi
1242 2234 1451 2282 conscius,
1491 2235 1554 2275 sic
1584 2244 1657 2274 ex-

215 2302 471 2341 cusationem
503 2301 649 2341 afferre
680 2302 838 2341 studet:
879 2299 1005 2342 Caius
1035 2300 1131 2340 belli
1158 2303 1198 2340 et
1224 2310 1377 2340 causas
1406 2303 1448 2340 et
1473 2300 1657 2340 ordinem

213 2367 251 2405 si
280 2377 517 2416 expromere
547 2367 673 2416 velim,
714 2368 924 2406 immemor
951 2368 1028 2406 sim
1051 2366 1269 2416 propositi,
1310 2376 1392 2416 qao
1420 2367 1550 2406 statui
1576 2377 1656 2406 non

214 2432 322 2471 altra
353 2433 552 2483 attingere
582 2436 759 2479 externa,
790 2433 871 2472 nisi
897 2443 981 2483 qua
1004 2431 1204 2474 Romanis
1232 2431 1500 2472 cohaererent
1517 2431 1658 2472 rebus:

214 2500 378 2537 eventus
406 2498 685 2538 memorabilis
715 2497 819 2541 estssi
851 2530 858 2538 .
889 2529 897 2537 .
928 2530 935 2537 .
992 2497 1128 2538 Verba
1158 2499 1292 2537 autem
1323 2497 1391 2537 illa
1422 2508 1544 2548 quam
1575 2498 1657 2537 sint

326 2583 352 2625 1)
378 2583 417 2616 H.
442 2583 584 2624 Nissen,
609 2585 627 2616 l.
654 2585 673 2616 l.
699 2593 780 2626 pag.
805 2584 870 2616 205
894 2585 929 2616 et
952 2584 1026 2616 255.

325 2637 351 2680 ²)
377 2638 449 2671 ibd.
475 2639 493 2672 l.
519 2638 538 2670 l.
564 2647 643 2681 pag.
668 2638 734 2672 204
757 2640 792 2672 et
814 2638 867 2671 73.

324 2693 350 2736 3)
376 2692 552 2727 Conferas
577 2694 679 2726 etiam
704 2693 815 2727 verba
839 2693 969 2735 quibus
993 2693 1038 2726 ad
1062 2701 1135 2726 rem
1160 2692 1340 2726 revertitur
1356 2693 1444 2725 haec
1469 2694 1511 2731 (c.
1535 2692 1588 2731 53,
1609 2692 1656 2732 l):

211 2749 308 2782 Dum
333 2757 376 2781 ea
402 2748 438 2781 in
462 2747 723 2788 Peloponneso,
748 2757 771 2781 a
795 2748 928 2789 quibus
952 2747 1096 2780 divertit
1117 2747 1243 2787 oratio,
1265 2748 1443 2788 gerantur
1465 2771 1471 2777 .
1497 2771 1504 2778 .
1530 2772 1537 2779 .
