1868 3093
790 229 1059 269 -35-

206 346 283 388 pro
319 335 431 374 certo
468 334 610 384 posuit
645 335 684 374 in
720 335 889 376 dubium
924 348 1083 377 vocans
1125 348 1220 377 num
1262 338 1316 377 sit
1350 337 1433 377 veri
1471 335 1648 376 similius

206 402 376 452 quaerat
411 410 487 439 sua
524 400 694 440 libidine
731 403 771 440 et
806 403 977 442 saevitia
1004 402 1214 442 Tiberium
1251 405 1502 443 commotum
1534 413 1648 449 esse;

206 475 341 516 neque
371 474 470 504 vero
500 464 542 503 id
572 465 673 504 satis
708 465 842 513 habet,
882 467 960 506 sed
996 467 1100 507 duas
1138 468 1241 507 alias
1277 478 1427 507 causas
1464 467 1517 507 ab
1555 467 1647 507 aliis

206 530 350 571 allatas
371 528 577 579 proponit.
622 527 718 576 Quo
748 529 857 569 facto
885 541 1088 581 quaenam
1109 543 1204 571 vera
1225 533 1495 583 protectionis
1518 543 1647 572 causa

207 594 481 636 existimanda
510 594 564 635 sit
593 605 675 634 non
708 594 938 635 decernens
968 596 1020 635 ad
1051 607 1135 636 rem
1166 598 1383 637 revertitur.
1428 597 1646 649 Ingeniose

208 663 343 701 autem
373 660 477 711 fugit
503 660 708 700 eiusmodi
737 661 1022 710 quaestionem
1045 660 1058 700 l
1078 662 1103 700 5
1125 673 1187 709 eo,
1218 663 1331 711 quod
1352 663 1496 712 populi
1518 673 1647 702 voces

206 726 268 766 sic
290 724 573 775 consequitur:
595 728 637 764 et
653 724 822 775 quidam
841 725 976 765 scelus
996 726 1138 765 uxoris
1156 726 1458 776 suspectabant.
1500 727 1649 777 quippe

207 800 346 831 rumor
375 790 609 836 incesserat,
632 800 797 840 paucos
827 792 922 830 ante
950 801 1110 830 menses
1138 789 1363 841 Augustam
1384 823 1392 830 .
1413 821 1421 828 .
1442 823 1450 830 .

317 854 458 905 Longe
480 854 561 893 alio
583 855 774 905 spectant
793 854 816 893 l.
838 854 888 894 IV
902 865 935 894 c.
962 854 1129 902 10—11,
1160 855 1229 894 ubi
1252 853 1375 894 Drusi
1398 866 1498 894 nece
1522 856 1647 895 relata

207 932 230 960 a
259 920 478 971 proposito
511 920 745 972 digreditur,
775 921 817 959 ut
843 930 1046 960 rumorem
1068 920 1276 970 quendam
1298 920 1350 960 de
1372 921 1442 959 illo
1464 920 1646 960 facinore

206 986 295 1026 suis
314 985 575 1035 temporibus
597 985 781 1025 nondum
813 986 1058 1025 exstinctum
1090 996 1173 1024 non
1204 986 1383 1036 explicet
1412 986 1547 1025 solum
1570 986 1646 1025 sed

208 1052 327 1090 etiam
370 1041 693 1102 diligentissime
729 1050 894 1090 refellat.
954 1049 1031 1091 Cui
1073 1051 1129 1090 rei
1166 1061 1248 1101 qua
1284 1051 1335 1090 de
1378 1061 1505 1091 causa
1540 1051 1647 1090 adeo

208 1116 326 1154 enixe
357 1126 526 1165 operam
558 1116 727 1160 dederit,
756 1115 926 1154 Tacitus
957 1116 1049 1165 ipse
1081 1117 1220 1154 monet
1239 1115 1379 1155 verbis
1401 1116 1553 1165 quibus
1575 1126 1648 1154 ex-

207 1180 458 1230 positionem
481 1180 693 1220 concludit
713 1180 793 1220 his:
822 1179 929 1219 Mihi
956 1179 1150 1228 tradendi
1177 1179 1457 1231 arguendique
1475 1180 1651 1219 rumoris

207 1256 337 1284 causa
359 1244 452 1295 fuit,
482 1248 529 1284 ut
554 1246 668 1285 claro
688 1245 766 1285 sub
787 1246 970 1295 exemplo
990 1244 1132 1295 falsas
1156 1245 1388 1285 auditiones
1409 1246 1648 1295 depellerem

204 1312 464 1361 peteremque
495 1310 549 1350 ab
579 1311 639 1357 iis,
670 1321 842 1361 qaorum
873 1311 912 1350 in
942 1321 1090 1350 manus
1119 1321 1218 1350 cara
1247 1313 1391 1350 nostra
1411 1311 1570 1357 venerit,
1600 1321 1650 1350 ne

208 1375 418 1426 divulgata
458 1378 581 1426 atque
632 1375 887 1416 incredibilia
928 1376 1047 1416 avide
1087 1379 1257 1426 accepta
1298 1377 1402 1415 veris
1441 1387 1571 1426 neque
1606 1377 1646 1415 in

206 1441 445 1481 miraculum
467 1442 670 1492 corraptIs
690 1441 992 1482 antehaberent.
1034 1441 1093 1481 Eo
1119 1442 1239 1493 igitur
1259 1441 1436 1482 consilio
1457 1441 1644 1481 Tacitum

206 1507 309 1546 haec
339 1508 572 1547 subiecisse
604 1507 857 1559 intellegitur,
896 1509 938 1546 ut
972 1509 1203 1547 accuratam
1235 1509 1273 1546 et
1303 1507 1541 1558 diligentem
1573 1517 1646 1545 ex-

207 1573 395 1622 quirendi
414 1574 611 1611 rationem
629 1573 901 1611 commendet.
941 1571 1048 1619 Quis
1071 1574 1134 1612 est
1156 1573 1221 1611 cui
1242 1573 1345 1611 haec
1367 1582 1432 1611 res
1454 1582 1538 1610 non
1560 1582 1647 1610 me-

207 1638 376 1676 moriam
398 1638 540 1677 afterat
559 1637 827 1688 Thucydidis,
849 1638 918 1687 qui
941 1637 962 1676 l.
983 1637 1033 1677 Vl
1050 1638 1103 1676 54
1119 1648 1181 1687 sq.
1193 1636 1222 1686 1)
1243 1637 1382 1676 verbis
1405 1637 1648 1687 praemissis

207 1702 288 1741 his:
318 1703 363 1752 ἢν
393 1699 470 1751 ἐγὼ
501 1699 571 1738 ἐπὶ
600 1701 724 1739 πλέον
749 1699 1036 1752 διηγησάμενος
1057 1700 1260 1751 ἀποφανῶ
1281 1696 1371 1738 οὔτε
1392 1700 1484 1745 τοὺς
1504 1696 1649 1745 ἄλλους

206 1762 296 1804 οὔτε
326 1765 469 1812 αὐτοὺς
497 1763 731 1817 Ἀθηναίους
759 1766 856 1817 περὶ
887 1773 966 1803 τῶν
992 1768 1195 1818 σφετέρων
1216 1767 1419 1817 τυράννων
1441 1764 1532 1803 οὐδὲ
1553 1765 1648 1816 περὶ

205 1838 276 1869 τοῦ
304 1833 515 1881 γενομένου
546 1830 704 1883 ἀκριβὲς
738 1829 852 1869 οὐδὲν
888 1831 1076 1880 λέγοντας
1104 1862 1112 1870 .
1143 1861 1150 1868 .
1183 1865 1189 1871 .
1231 1832 1501 1871 clarissimam
1538 1830 1647 1869 illam

208 1896 512 1949 digressionem
535 1896 767 1948 interponit,
789 1907 871 1947 qua
890 1896 1035 1936 falsam
1058 1907 1164 1947 quae
1180 1898 1277 1936 tunc
1298 1896 1423 1948 vulgo
1444 1895 1651 1936 terebatur

210 1963 452 2013 opinionem
484 1965 525 2001 ut
555 1962 773 2013 redarguat
802 1963 975 2001 enititur.
1025 1961 1175 2013 Aperte
1207 1963 1325 2009 enim,
1355 1962 1543 2012 quamvis
1565 1972 1648 2000 non

207 2027 455 2079 profiteatur,
498 2027 595 2067 nihil
632 2027 716 2080 agit
751 2027 830 2068 nisi
867 2029 909 2067 ut
942 2028 1140 2079 opinione
1172 2028 1239 2067 illa
1269 2027 1438 2067 refutata
1467 2026 1646 2067 studium

207 2097 246 2138 et
275 2094 542 2145 sagacitatem
573 2103 596 2131 a
626 2102 672 2131 se
704 2093 798 2143 ipso
830 2093 954 2132 rebus
986 2093 1297 2144 cognoscendis
1330 2095 1369 2132 et
1398 2092 1647 2143 indagandis

207 2158 431 2198 adhibitam
463 2157 635 2197 illustret
665 2159 704 2197 et
734 2158 953 2197 narrationi
985 2158 1097 2197 omni
1127 2157 1254 2197 fidem
1285 2157 1486 2197 conciliet.

316 2223 380 2263 De
412 2234 542 2263 rerum
579 2224 685 2263 statu
721 2225 761 2263 et
789 2223 930 2262 indole
964 2225 1196 2274 temporum
1226 2223 1394 2263 Tacitus
1425 2234 1645 2274 numquam

206 2298 383 2329 excursu
432 2299 456 2328 a
502 2288 721 2339 proposito
769 2287 880 2328 facto
929 2289 1006 2328 sed
1050 2288 1307 2340 Thucydidis
1356 2288 1645 2339 annaliumque

207 2355 453 2404 scriptorum
489 2354 673 2393 instituto
710 2355 749 2393 et
779 2354 971 2404 exemplo
1009 2355 1101 2404 ipsa
1137 2354 1365 2393 narratione
1396 2354 1528 2392 docet.
1586 2354 1647 2392 Fit

207 2420 250 2458 ut
278 2419 331 2459 ad
362 2418 507 2470 populi
538 2429 668 2459 voces
698 2418 882 2471 refugiat,
911 2419 1035 2459 veluti
1057 2418 1142 2459 Xlll
1171 2419 1197 2459 6
1217 2418 1400 2470 periculo
1432 2429 1456 2457 a
1485 2417 1645 2459 Parthis

207 2485 441 2526 imminente
472 2485 528 2525 rei
559 2484 753 2535 publicae
784 2484 995 2528 Romanae
1030 2486 1319 2526 condicionem
1361 2495 1412 2524 eo
1454 2485 1646 2531 ostendit,

207 2552 320 2600 quod
353 2551 537 2590 urbanos
571 2550 610 2589 in
648 2551 874 2590 contrarias
909 2552 1047 2601 partes
1084 2550 1135 2590 de
1172 2560 1220 2589 ea
1248 2549 1345 2589 facit
1374 2550 1645 2600 disputantes.

317 2691 344 2734 ¹)
369 2690 411 2724 cf.
437 2690 499 2725 Ed.
525 2691 659 2734 Meyer,
685 2691 935 2735 Forschungen
953 2691 986 2732 ΙΙ,
1011 2700 1091 2734 pag.
1107 2690 1172 2724 383
1196 2690 1276 2724 adn.
1297 2691 1323 2723 1.
