<?xml version="1.0" encoding="UTF-8"?>
<!DOCTYPE html PUBLIC "-//W3C//DTD XHTML 1.0 Transitional//EN"
    "http://www.w3.org/TR/xhtml1/DTD/xhtml1-transitional.dtd">
<html xmlns="http://www.w3.org/1999/xhtml" xml:lang="en" lang="en">
 <head>
  <title>
</title>
<meta http-equiv="Content-Type" content="text/html;charset=utf-8" />
  <meta name='ocr-system' content='tesseract 3.04.00' />
  <meta name='ocr-capabilities' content='ocr_page ocr_carea ocr_par ocr_line ocrx_word'/>
</head>
<body>
  <div class='ocr_page' id='page_1' title='image "4737250_0038.png"; bbox 0 0 1868 3093; ppageno 0'>
   <div class='ocr_carea' id='block_1_1' title="bbox 785 185 1057 225">
    <p class='ocr_par' dir='ltr' id='par_1_1' title="bbox 785 185 1057 225">
     <span class='ocr_line' id='line_1_1' title="bbox 785 185 1057 225; baseline 0 -12"><span class='ocrx_word' id='word_1_1' title='bbox 785 185 1057 225; x_wconf 68' lang='lat'>—30-</span> 
     </span>
    </p>
   </div>
   <div class='ocr_carea' id='block_1_2' title="bbox 197 294 1664 2579">
    <p class='ocr_par' dir='ltr' id='par_1_2' title="bbox 197 294 1650 1059">
     <span class='ocr_line' id='line_1_2' title="bbox 197 294 1644 345; baseline -0.001 -11"><span class='ocrx_word' id='word_1_2' title='bbox 197 295 407 345; x_wconf 90' lang='lat' dir='ltr'>explicare</span> <span class='ocrx_word' id='word_1_3' title='bbox 450 294 586 334; x_wconf 87' lang='lat' dir='ltr'>conati</span> <span class='ocrx_word' id='word_1_4' title='bbox 629 296 726 334; x_wconf 86' lang='lat' dir='ltr'>sunt</span> <span class='ocrx_word' id='word_1_5' title='bbox 768 295 821 334; x_wconf 90' lang='lat' dir='ltr'>ad</span> <span class='ocrx_word' id='word_1_6' title='bbox 867 304 957 334; x_wconf 91' lang='lat' dir='ltr'>eam</span> <span class='ocrx_word' id='word_1_7' title='bbox 1002 294 1157 345; x_wconf 90' lang='lat' dir='ltr'>optime</span> <span class='ocrx_word' id='word_1_8' title='bbox 1199 295 1412 345; x_wconf 82' lang='lat' dir='ltr'>quadrant,</span> <span class='ocrx_word' id='word_1_9' title='bbox 1444 295 1485 335; x_wconf 92' lang='lat' dir='ltr'>id</span> <span class='ocrx_word' id='word_1_10' title='bbox 1530 294 1644 345; x_wconf 91' lang='lat' dir='ltr'>quod</span> 
     </span>
     <span class='ocr_line' id='line_1_3' title="bbox 197 357 1647 411; baseline 0 -12"><span class='ocrx_word' id='word_1_11' title='bbox 197 362 387 400; x_wconf 89' lang='lat' dir='ltr'>accurate</span> <span class='ocrx_word' id='word_1_12' title='bbox 424 359 506 399; x_wconf 88' lang='lat' dir='ltr'>alio</span> <span class='ocrx_word' id='word_1_13' title='bbox 543 359 639 399; x_wconf 94' lang='lat' dir='ltr'>loco</span> <span class='ocrx_word' id='word_1_14' title='bbox 680 369 890 410; x_wconf 90' lang='lat' dir='ltr'>exponere</span> <span class='ocrx_word' id='word_1_15' title='bbox 923 369 1059 401; x_wconf 93' lang='lat' dir='ltr'>meum</span> <span class='ocrx_word' id='word_1_16' title='bbox 1089 359 1173 399; x_wconf 87' lang='lat' dir='ltr'>erit.</span> <span class='ocrx_word' id='word_1_17' title='bbox 1231 357 1434 410; x_wconf 91' lang='lat' dir='ltr'>Denique,</span> <span class='ocrx_word' id='word_1_18' title='bbox 1465 371 1549 411; x_wconf 94' lang='lat' dir='ltr'>quo</span> <span class='ocrx_word' id='word_1_19' title='bbox 1580 369 1647 399; x_wconf 88' lang='lat' dir='ltr'>res</span> 
     </span>
     <span class='ocr_line' id='line_1_4' title="bbox 197 423 1646 476; baseline -0.001 -12"><span class='ocrx_word' id='word_1_20' title='bbox 197 426 359 465; x_wconf 89' lang='lat' dir='ltr'>videtur</span> <span class='ocrx_word' id='word_1_21' title='bbox 382 424 545 471; x_wconf 84' lang='lat' dir='ltr'>confici,</span> <span class='ocrx_word' id='word_1_22' title='bbox 576 423 851 464; x_wconf 83' lang='lat' dir='ltr'>Posidonium</span> <span class='ocrx_word' id='word_1_23' title='bbox 877 435 924 464; x_wconf 93' lang='lat' dir='ltr'>se</span> <span class='ocrx_word' id='word_1_24' title='bbox 946 425 1067 475; x_wconf 93' lang='lat' dir='ltr'>sequi</span> <span class='ocrx_word' id='word_1_25' title='bbox 1088 423 1305 464; x_wconf 90' lang='lat' dir='ltr'>Diodorus</span> <span class='ocrx_word' id='word_1_26' title='bbox 1335 435 1646 476; x_wconf 87' lang='lat' dir='ltr'>nonnumquam</span> 
     </span>
     <span class='ocr_line' id='line_1_5' title="bbox 198 488 1648 540; baseline 0 -12"><span class='ocrx_word' id='word_1_27' title='bbox 198 491 329 540; x_wconf 89' lang='lat' dir='ltr'>aperit</span> <span class='ocrx_word' id='word_1_28' title='bbox 378 500 441 537; x_wconf 90' lang='lat' dir='ltr'>eo,</span> <span class='ocrx_word' id='word_1_29' title='bbox 491 489 606 539; x_wconf 94' lang='lat' dir='ltr'>quod</span> <span class='ocrx_word' id='word_1_30' title='bbox 656 489 784 528; x_wconf 91' lang='lat' dir='ltr'>verba</span> <span class='ocrx_word' id='word_1_31' title='bbox 832 489 987 540; x_wconf 89' lang='lat' dir='ltr'>quibus</span> <span class='ocrx_word' id='word_1_32' title='bbox 1032 488 1289 528; x_wconf 84' lang='lat' dir='ltr'>Posidonius</span> <span class='ocrx_word' id='word_1_33' title='bbox 1339 489 1402 528; x_wconf 90' lang='lat' dir='ltr'>sui</span> <span class='ocrx_word' id='word_1_34' title='bbox 1447 489 1648 540; x_wconf 91' lang='lat' dir='ltr'>temporis</span> 
     </span>
     <span class='ocr_line' id='line_1_6' title="bbox 200 550 1647 602; baseline 0 -9"><span class='ocrx_word' id='word_1_35' title='bbox 200 555 400 594; x_wconf 90' lang='lat' dir='ltr'>rationem</span> <span class='ocrx_word' id='word_1_36' title='bbox 423 554 575 593; x_wconf 93' lang='lat' dir='ltr'>ducere</span> <span class='ocrx_word' id='word_1_37' title='bbox 597 553 863 594; x_wconf 89' lang='lat' dir='ltr'>adamaverat</span> <span class='ocrx_word' id='word_1_38' title='bbox 883 555 1003 593; x_wconf 92' lang='lat' dir='ltr'>haec:</span> <span class='ocrx_word' id='word_1_39' title='bbox 1024 550 1123 591; x_wconf 74' lang='grc' dir='ltr'>καθ’</span> <span class='ocrx_word' id='word_1_40' title='bbox 1144 553 1248 602; x_wconf 83' lang='grc' dir='ltr'>ἡμᾶς</span> <span class='ocrx_word' id='word_1_41' title='bbox 1268 554 1308 593; x_wconf 92' lang='lat' dir='ltr'>in</span> <span class='ocrx_word' id='word_1_42' title='bbox 1330 563 1430 593; x_wconf 87' lang='lat' dir='ltr'>suas</span> <span class='ocrx_word' id='word_1_43' title='bbox 1452 554 1647 593; x_wconf 87' lang='lat' dir='ltr'>historias</span> 
     </span>
     <span class='ocr_line' id='line_1_7' title="bbox 198 615 1649 669; baseline -0.002 -11"><span class='ocrx_word' id='word_1_44' title='bbox 198 618 417 659; x_wconf 87' lang='lat' dir='ltr'>transferre</span> <span class='ocrx_word' id='word_1_45' title='bbox 454 629 538 658; x_wconf 93' lang='lat' dir='ltr'>non</span> <span class='ocrx_word' id='word_1_46' title='bbox 569 618 771 658; x_wconf 85' lang='lat' dir='ltr'>dubitavit</span> <span class='ocrx_word' id='word_1_47' title='bbox 810 619 921 659; x_wconf 92' lang='lat' dir='ltr'>velut</span> <span class='ocrx_word' id='word_1_48' title='bbox 950 618 984 658; x_wconf 96' lang='lat' dir='ltr'>V</span> <span class='ocrx_word' id='word_1_49' title='bbox 1008 619 1071 666; x_wconf 88' lang='lat'>25,</span> <span class='ocrx_word' id='word_1_50' title='bbox 1103 619 1138 657; x_wconf 92' lang='lat' dir='ltr'>l:</span> <span class='ocrx_word' id='word_1_51' title='bbox 1180 615 1235 656; x_wconf 80' lang='grc' dir='ltr'>ὧν</span> <span class='ocrx_word' id='word_1_52' title='bbox 1271 616 1376 656; x_wconf 78' lang='grc' dir='ltr'><em>ἐστιν</em></span> <span class='ocrx_word' id='word_1_53' title='bbox 1411 617 1451 656; x_wconf 80' lang='grc' dir='ltr'>ἓν</span> <span class='ocrx_word' id='word_1_54' title='bbox 1489 615 1649 669; x_wconf 76' lang='grc' dir='ltr'>(ἔθνος)</span> 
     </span>
     <span class='ocr_line' id='line_1_8' title="bbox 200 680 1649 735; baseline -0.001 -14"><span class='ocrx_word' id='word_1_55' title='bbox 200 682 306 735; x_wconf 68' lang='grc' dir='ltr'>πρὸς</span> <span class='ocrx_word' id='word_1_56' title='bbox 333 680 560 733; x_wconf 55' lang='grc' dir='ltr'><em>(Ρωμαίους</em></span> <span class='ocrx_word' id='word_1_57' title='bbox 589 681 679 732; x_wconf 72' lang='grc' dir='ltr'><em>ἕχον</em></span> <span class='ocrx_word' id='word_1_58' title='bbox 710 686 936 735; x_wconf 72' lang='grc' dir='ltr'><em>συγγένειαν</em></span> <span class='ocrx_word' id='word_1_59' title='bbox 968 684 1147 722; x_wconf 79' lang='grc' dir='ltr'><em>παλαιὰν</em></span> <span class='ocrx_word' id='word_1_60' title='bbox 1177 683 1242 721; x_wconf 83' lang='grc' dir='ltr'>καὶ</span> <span class='ocrx_word' id='word_1_61' title='bbox 1274 682 1413 735; x_wconf 82' lang='grc' dir='ltr'><em>φιλίαν</em></span> <span class='ocrx_word' id='word_1_62' title='bbox 1438 682 1507 734; x_wconf 78' lang='grc' dir='ltr'>τὴν</span> <span class='ocrx_word' id='word_1_63' title='bbox 1531 684 1649 734; x_wconf 82' lang='grc' dir='ltr'><em>μέχρι</em></span> 
     </span>
     <span class='ocr_line' id='line_1_9' title="bbox 200 746 1647 801; baseline 0 -14"><span class='ocrx_word' id='word_1_64' title='bbox 200 757 279 787; x_wconf 72' lang='grc' dir='ltr'>τῶν</span> <span class='ocrx_word' id='word_1_65' title='bbox 309 746 407 787; x_wconf 65' lang='grc' dir='ltr'>καθ’</span> <span class='ocrx_word' id='word_1_66' title='bbox 438 749 543 798; x_wconf 72' lang='grc' dir='ltr'>ἡμᾶς</span> <span class='ocrx_word' id='word_1_67' title='bbox 572 749 725 799; x_wconf 86' lang='grc' dir='ltr'><em>χρόνων</em></span> <span class='ocrx_word' id='word_1_68' title='bbox 756 748 1019 797; x_wconf 75' lang='grc' dir='ltr'><em>διαμένουσαν</em></span> <span class='ocrx_word' id='word_1_69' title='bbox 1038 749 1068 801; x_wconf 91' lang='lat'>¹)</span> <span class='ocrx_word' id='word_1_70' title='bbox 1099 779 1106 787; x_wconf 90' lang='lat'><strong><em>.</em></strong></span> <span class='ocrx_word' id='word_1_71' title='bbox 1136 781 1144 789; x_wconf 90' lang='lat'><strong>.</strong></span> <span class='ocrx_word' id='word_1_72' title='bbox 1175 779 1182 787; x_wconf 93' lang='lat'>.</span> <span class='ocrx_word' id='word_1_73' title='bbox 1218 751 1258 789; x_wconf 80' lang='lat' dir='ltr'>et</span> <span class='ocrx_word' id='word_1_74' title='bbox 1287 749 1310 789; x_wconf 90' lang='lat' dir='ltr'>l.</span> <span class='ocrx_word' id='word_1_75' title='bbox 1340 748 1390 788; x_wconf 80' lang='lat' dir='ltr'>IV</span> <span class='ocrx_word' id='word_1_76' title='bbox 1421 759 1454 789; x_wconf 88' lang='lat' dir='ltr'>e.</span> <span class='ocrx_word' id='word_1_77' title='bbox 1482 749 1548 796; x_wconf 86' lang='lat'>20,</span> <span class='ocrx_word' id='word_1_78' title='bbox 1578 747 1647 788; x_wconf 84' lang='lat' dir='ltr'>ubi</span> 
     </span>
     <span class='ocr_line' id='line_1_10' title="bbox 203 814 1649 866; baseline -0.001 -13"><span class='ocrx_word' id='word_1_79' title='bbox 203 815 254 853; x_wconf 93' lang='lat' dir='ltr'>de</span> <span class='ocrx_word' id='word_1_80' title='bbox 285 814 463 853; x_wconf 91' lang='lat' dir='ltr'>feminae</span> <span class='ocrx_word' id='word_1_81' title='bbox 495 814 654 866; x_wconf 91' lang='lat' dir='ltr'>Liguris</span> <span class='ocrx_word' id='word_1_82' title='bbox 684 814 869 854; x_wconf 86' lang='lat' dir='ltr'>facinore</span> <span class='ocrx_word' id='word_1_83' title='bbox 901 816 944 854; x_wconf 93' lang='lat' dir='ltr'>ut</span> <span class='ocrx_word' id='word_1_84' title='bbox 973 824 1050 854; x_wconf 91' lang='lat' dir='ltr'>sua</span> <span class='ocrx_word' id='word_1_85' title='bbox 1080 816 1212 854; x_wconf 90' lang='lat' dir='ltr'>aetate</span> <span class='ocrx_word' id='word_1_86' title='bbox 1241 814 1352 854; x_wconf 91' lang='lat' dir='ltr'>facto</span> <span class='ocrx_word' id='word_1_87' title='bbox 1374 814 1512 865; x_wconf 90' lang='lat' dir='ltr'>inepte</span> <span class='ocrx_word' id='word_1_88' title='bbox 1534 814 1649 853; x_wconf 91' lang='lat' dir='ltr'>dicit:</span> 
     </span>
     <span class='ocr_line' id='line_1_11' title="bbox 201 876 1649 929; baseline 0 -13"><span class='ocrx_word' id='word_1_89' title='bbox 201 876 298 916; x_wconf 63' lang='grc' dir='ltr'>καθ)</span> <span class='ocrx_word' id='word_1_90' title='bbox 330 879 434 928; x_wconf 66' lang='grc' dir='ltr'>ἡμᾶς</span> <span class='ocrx_word' id='word_1_91' title='bbox 468 881 606 929; x_wconf 79' lang='grc' dir='ltr'><em>συνέβη</em></span> <span class='ocrx_word' id='word_1_92' title='bbox 643 881 843 928; x_wconf 69' lang='grc' dir='ltr'><em>γενέσθαι.</em></span> <span class='ocrx_word' id='word_1_93' title='bbox 907 879 1024 918; x_wconf 89' lang='lat' dir='ltr'>Hanc</span> <span class='ocrx_word' id='word_1_94' title='bbox 1060 882 1195 918; x_wconf 92' lang='lat' dir='ltr'>autem</span> <span class='ocrx_word' id='word_1_95' title='bbox 1234 880 1578 919; x_wconf 84' lang='lat' dir='ltr'>consuetudinem</span> <span class='ocrx_word' id='word_1_96' title='bbox 1609 879 1649 916; x_wconf 95' lang='lat' dir='ltr'>in</span> 
     </span>
     <span class='ocr_line' id='line_1_12' title="bbox 204 943 1650 994; baseline -0.003 -11"><span class='ocrx_word' id='word_1_97' title='bbox 204 944 352 984; x_wconf 87' lang='lat' dir='ltr'>insulis</span> <span class='ocrx_word' id='word_1_98' title='bbox 395 954 564 994; x_wconf 90' lang='lat' dir='ltr'>quoque</span> <span class='ocrx_word' id='word_1_99' title='bbox 607 943 899 984; x_wconf 89' lang='lat' dir='ltr'>describendis</span> <span class='ocrx_word' id='word_1_100' title='bbox 941 944 1141 983; x_wconf 89' lang='lat' dir='ltr'>servavit:</span> <span class='ocrx_word' id='word_1_101' title='bbox 1183 943 1217 983; x_wconf 97' lang='lat' dir='ltr'>V</span> <span class='ocrx_word' id='word_1_102' title='bbox 1257 943 1384 991; x_wconf 84' lang='lat'>15,6:</span> <span class='ocrx_word' id='word_1_103' title='bbox 1423 945 1541 994; x_wconf 85' lang='grc' dir='ltr'><em>μέχρι</em></span> <span class='ocrx_word' id='word_1_104' title='bbox 1571 948 1650 979; x_wconf 71' lang='grc' dir='ltr'>τῶν</span> 
     </span>
     <span class='ocr_line' id='line_1_13' title="bbox 202 1005 1551 1059; baseline -0.001 -13"><span class='ocrx_word' id='word_1_105' title='bbox 202 1005 300 1046; x_wconf 69' lang='grc' dir='ltr'>καθ’</span> <span class='ocrx_word' id='word_1_106' title='bbox 331 1007 435 1058; x_wconf 76' lang='grc' dir='ltr'><em>ἡμᾶς</em></span> <span class='ocrx_word' id='word_1_107' title='bbox 465 1009 642 1059; x_wconf 72' lang='grc' dir='ltr'><em>χρόνωνς</em></span> <span class='ocrx_word' id='word_1_108' title='bbox 672 1009 736 1056; x_wconf 90' lang='lat'>20,</span> <span class='ocrx_word' id='word_1_109' title='bbox 757 1009 804 1048; x_wconf 83' lang='lat'>2:</span> <span class='ocrx_word' id='word_1_110' title='bbox 833 1011 951 1059; x_wconf 81' lang='grc' dir='ltr'><em>μέχρι</em></span> <span class='ocrx_word' id='word_1_111' title='bbox 980 1015 1051 1059; x_wconf 72' lang='grc' dir='ltr'>τῆς</span> <span class='ocrx_word' id='word_1_112' title='bbox 1079 1006 1177 1046; x_wconf 69' lang='grc' dir='ltr'>καθ’</span> <span class='ocrx_word' id='word_1_113' title='bbox 1207 1007 1311 1057; x_wconf 79' lang='grc' dir='ltr'><em>ἡμᾶς</em></span> <span class='ocrx_word' id='word_1_114' title='bbox 1339 1008 1495 1057; x_wconf 79' lang='grc' dir='ltr'><em>ἡλικίας</em></span> <span class='ocrx_word' id='word_1_115' title='bbox 1509 1007 1551 1055; x_wconf 75' lang='lat'>²).</span> 
     </span>
    </p>

    <p class='ocr_par' dir='ltr' id='par_1_3' title="bbox 206 1071 1659 2035">
     <span class='ocr_line' id='line_1_14' title="bbox 315 1071 1652 1125; baseline -0.001 -12"><span class='ocrx_word' id='word_1_116' title='bbox 315 1074 397 1113; x_wconf 93' lang='lat' dir='ltr'>Iam</span> <span class='ocrx_word' id='word_1_117' title='bbox 433 1085 543 1122; x_wconf 89' lang='lat' dir='ltr'>vero,</span> <span class='ocrx_word' id='word_1_118' title='bbox 580 1076 803 1124; x_wconf 83' lang='lat' dir='ltr'>postquam</span> <span class='ocrx_word' id='word_1_119' title='bbox 823 1073 1113 1114; x_wconf 13' lang='lat' dir='ltr'>*Posidonium</span> <span class='ocrx_word' id='word_1_120' title='bbox 1154 1074 1206 1113; x_wconf 91' lang='lat' dir='ltr'>de</span> <span class='ocrx_word' id='word_1_121' title='bbox 1237 1074 1385 1113; x_wconf 91' lang='lat' dir='ltr'>insulis</span> <span class='ocrx_word' id='word_1_122' title='bbox 1415 1072 1468 1125; x_wconf 92' lang='lat' dir='ltr'>(c.</span> <span class='ocrx_word' id='word_1_123' title='bbox 1498 1071 1652 1123; x_wconf 87' lang='lat'><strong>7—22)</strong></span> 
     </span>
     <span class='ocr_line' id='line_1_15' title="bbox 206 1137 1650 1190; baseline -0.001 -11"><span class='ocrx_word' id='word_1_124' title='bbox 206 1143 245 1179; x_wconf 91' lang='lat' dir='ltr'>et</span> <span class='ocrx_word' id='word_1_125' title='bbox 287 1140 339 1179; x_wconf 93' lang='lat' dir='ltr'>de</span> <span class='ocrx_word' id='word_1_126' title='bbox 383 1137 519 1179; x_wconf 85' lang='lat' dir='ltr'>Gallia</span> <span class='ocrx_word' id='word_1_127' title='bbox 560 1138 613 1190; x_wconf 92' lang='lat' dir='ltr'>(c.</span> <span class='ocrx_word' id='word_1_128' title='bbox 654 1139 834 1187; x_wconf 87' lang='lat'>24—40)</span> <span class='ocrx_word' id='word_1_129' title='bbox 877 1141 1106 1179; x_wconf 90' lang='lat' dir='ltr'>narrantem</span> <span class='ocrx_word' id='word_1_130' title='bbox 1148 1139 1355 1190; x_wconf 89' lang='lat' dir='ltr'>persecuti</span> <span class='ocrx_word' id='word_1_131' title='bbox 1397 1149 1554 1186; x_wconf 88' lang='lat' dir='ltr'>sumus,</span> <span class='ocrx_word' id='word_1_132' title='bbox 1598 1138 1650 1177; x_wconf 91' lang='lat' dir='ltr'>ad</span> 
     </span>
     <span class='ocr_line' id='line_1_16' title="bbox 206 1203 1652 1255; baseline -0.001 -11"><span class='ocrx_word' id='word_1_133' title='bbox 206 1203 446 1244; x_wconf 85' lang='lat' dir='ltr'>Sallustium</span> <span class='ocrx_word' id='word_1_134' title='bbox 490 1206 708 1252; x_wconf 89' lang='lat' dir='ltr'>vertamus,</span> <span class='ocrx_word' id='word_1_135' title='bbox 750 1205 818 1254; x_wconf 90' lang='lat' dir='ltr'>qui</span> <span class='ocrx_word' id='word_1_136' title='bbox 863 1215 955 1244; x_wconf 92' lang='lat' dir='ltr'>cum</span> <span class='ocrx_word' id='word_1_137' title='bbox 998 1205 1051 1244; x_wconf 93' lang='lat' dir='ltr'>de</span> <span class='ocrx_word' id='word_1_138' title='bbox 1092 1206 1221 1244; x_wconf 91' lang='lat' dir='ltr'>terrae</span> <span class='ocrx_word' id='word_1_139' title='bbox 1257 1205 1337 1244; x_wconf 92' lang='lat' dir='ltr'>situ</span> <span class='ocrx_word' id='word_1_140' title='bbox 1379 1206 1419 1244; x_wconf 91' lang='lat' dir='ltr'>et</span> <span class='ocrx_word' id='word_1_141' title='bbox 1452 1203 1652 1255; x_wconf 83' lang='lat' dir='ltr'>frugibus,</span> 
     </span>
     <span class='ocr_line' id='line_1_17' title="bbox 207 1269 1655 1320; baseline -0.001 -12"><span class='ocrx_word' id='word_1_142' title='bbox 207 1271 259 1309; x_wconf 94' lang='lat' dir='ltr'>de</span> <span class='ocrx_word' id='word_1_143' title='bbox 303 1269 530 1309; x_wconf 91' lang='lat' dir='ltr'>incolarum</span> <span class='ocrx_word' id='word_1_144' title='bbox 573 1269 731 1320; x_wconf 89' lang='lat' dir='ltr'>origine</span> <span class='ocrx_word' id='word_1_145' title='bbox 774 1271 814 1308; x_wconf 92' lang='lat' dir='ltr'>et</span> <span class='ocrx_word' id='word_1_146' title='bbox 849 1269 1036 1308; x_wconf 92' lang='lat' dir='ltr'>moribus</span> <span class='ocrx_word' id='word_1_147' title='bbox 1073 1271 1265 1319; x_wconf 88' lang='lat' dir='ltr'>exponat,</span> <span class='ocrx_word' id='word_1_148' title='bbox 1306 1269 1511 1319; x_wconf 89' lang='lat' dir='ltr'>suspicari</span> <span class='ocrx_word' id='word_1_149' title='bbox 1559 1269 1655 1307; x_wconf 90' lang='lat' dir='ltr'>licet</span> 
     </span>
     <span class='ocr_line' id='line_1_18' title="bbox 207 1332 1653 1384; baseline -0.001 -11"><span class='ocrx_word' id='word_1_150' title='bbox 207 1335 319 1373; x_wconf 92' lang='lat' dir='ltr'>illum</span> <span class='ocrx_word' id='word_1_151' title='bbox 356 1334 409 1373; x_wconf 95' lang='lat' dir='ltr'>ad</span> <span class='ocrx_word' id='word_1_152' title='bbox 442 1335 532 1373; x_wconf 91' lang='lat' dir='ltr'>eius</span> <span class='ocrx_word' id='word_1_153' title='bbox 563 1334 869 1384; x_wconf 86' lang='lat' dir='ltr'>descriptiones</span> <span class='ocrx_word' id='word_1_154' title='bbox 899 1333 1140 1374; x_wconf 86' lang='lat' dir='ltr'>formandas</span> <span class='ocrx_word' id='word_1_155' title='bbox 1165 1334 1360 1374; x_wconf 88' lang='lat' dir='ltr'>valuisse.</span> <span class='ocrx_word' id='word_1_156' title='bbox 1409 1332 1535 1381; x_wconf 92' lang='lat' dir='ltr'>Quod</span> <span class='ocrx_word' id='word_1_157' title='bbox 1569 1344 1653 1383; x_wconf 94' lang='lat' dir='ltr'>quo</span> 
     </span>
     <span class='ocr_line' id='line_1_19' title="bbox 207 1390 1653 1445; baseline -0.001 -7"><span class='ocrx_word' id='word_1_158' title='bbox 207 1401 293 1439; x_wconf 89' lang='lat' dir='ltr'>iure</span> <span class='ocrx_word' id='word_1_159' title='bbox 325 1399 558 1445; x_wconf 82' lang='lat' dir='ltr'>affirmetur,</span> <span class='ocrx_word' id='word_1_160' title='bbox 590 1409 640 1438; x_wconf 88' lang='lat' dir='ltr'>ex</span> <span class='ocrx_word' id='word_1_161' title='bbox 672 1399 938 1438; x_wconf 92' lang='lat' dir='ltr'>describendi</span> <span class='ocrx_word' id='word_1_162' title='bbox 970 1390 1127 1438; x_wconf 88' lang='lat' dir='ltr'>ratione</span> <span class='ocrx_word' id='word_1_163' title='bbox 1151 1396 1400 1438; x_wconf 89' lang='lat' dir='ltr'>Sallustiana</span> <span class='ocrx_word' id='word_1_164' title='bbox 1421 1399 1653 1438; x_wconf 88' lang='lat' dir='ltr'>accuratius</span> 
     </span>
     <span class='ocr_line' id='line_1_20' title="bbox 211 1462 1654 1514; baseline -0.001 -11"><span class='ocrx_word' id='word_1_165' title='bbox 211 1466 401 1514; x_wconf 88' lang='lat' dir='ltr'>inspecta</span> <span class='ocrx_word' id='word_1_166' title='bbox 422 1467 462 1503; x_wconf 88' lang='lat' dir='ltr'>et</span> <span class='ocrx_word' id='word_1_167' title='bbox 483 1474 575 1503; x_wconf 93' lang='lat' dir='ltr'>cum</span> <span class='ocrx_word' id='word_1_168' title='bbox 598 1464 666 1502; x_wconf 90' lang='lat' dir='ltr'>illa</span> <span class='ocrx_word' id='word_1_169' title='bbox 688 1464 839 1503; x_wconf 91' lang='lat' dir='ltr'>collata</span> <span class='ocrx_word' id='word_1_170' title='bbox 859 1463 1088 1514; x_wconf 90' lang='lat' dir='ltr'>apparebit.</span> <span class='ocrx_word' id='word_1_171' title='bbox 1131 1462 1246 1504; x_wconf 91' lang='lat' dir='ltr'>Sicut</span> <span class='ocrx_word' id='word_1_172' title='bbox 1267 1464 1376 1503; x_wconf 93' lang='lat' dir='ltr'>enim</span> <span class='ocrx_word' id='word_1_173' title='bbox 1398 1462 1654 1503; x_wconf 86' lang='lat' dir='ltr'>Posidonius</span> 
     </span>
     <span class='ocr_line' id='line_1_21' title="bbox 211 1527 1655 1580; baseline -0.001 -12"><span class='ocrx_word' id='word_1_174' title='bbox 211 1530 263 1568; x_wconf 93' lang='lat' dir='ltr'>de</span> <span class='ocrx_word' id='word_1_175' title='bbox 295 1528 468 1575; x_wconf 85' lang='lat' dir='ltr'>Galliae,</span> <span class='ocrx_word' id='word_1_176' title='bbox 499 1529 554 1568; x_wconf 92' lang='lat' dir='ltr'>ita</span> <span class='ocrx_word' id='word_1_177' title='bbox 585 1527 806 1568; x_wconf 86' lang='lat' dir='ltr'>Sallustius</span> <span class='ocrx_word' id='word_1_178' title='bbox 837 1529 876 1567; x_wconf 90' lang='lat' dir='ltr'>in</span> <span class='ocrx_word' id='word_1_179' title='bbox 908 1528 1098 1580; x_wconf 87' lang='lat' dir='ltr'>Iugurtha</span> <span class='ocrx_word' id='word_1_180' title='bbox 1129 1529 1182 1568; x_wconf 94' lang='lat' dir='ltr'>de</span> <span class='ocrx_word' id='word_1_181' title='bbox 1203 1528 1365 1568; x_wconf 85' lang='lat' dir='ltr'>Africae</span> <span class='ocrx_word' id='word_1_182' title='bbox 1386 1528 1542 1568; x_wconf 89' lang='lat' dir='ltr'>finibus</span> <span class='ocrx_word' id='word_1_183' title='bbox 1562 1529 1655 1575; x_wconf 88' lang='lat' dir='ltr'>situ,</span> 
     </span>
     <span class='ocr_line' id='line_1_22' title="bbox 211 1593 1655 1645; baseline -0.001 -12"><span class='ocrx_word' id='word_1_184' title='bbox 211 1594 334 1644; x_wconf 89' lang='lat' dir='ltr'>copia</span> <span class='ocrx_word' id='word_1_185' title='bbox 381 1593 543 1645; x_wconf 90' lang='lat' dir='ltr'>frugum</span> <span class='ocrx_word' id='word_1_186' title='bbox 593 1604 727 1644; x_wconf 86' lang='lat' dir='ltr'>aquae</span> <span class='ocrx_word' id='word_1_187' title='bbox 776 1594 959 1644; x_wconf 88' lang='lat' dir='ltr'>penuria,</span> <span class='ocrx_word' id='word_1_188' title='bbox 1018 1593 1169 1633; x_wconf 91' lang='lat' dir='ltr'>incolis</span> <span class='ocrx_word' id='word_1_189' title='bbox 1217 1593 1366 1633; x_wconf 87' lang='lat' dir='ltr'>validis</span> <span class='ocrx_word' id='word_1_190' title='bbox 1416 1593 1655 1644; x_wconf 88' lang='lat' dir='ltr'>laborisque</span> 
     </span>
     <span class='ocr_line' id='line_1_23' title="bbox 212 1659 1656 1710; baseline 0 -13"><span class='ocrx_word' id='word_1_191' title='bbox 212 1659 467 1710; x_wconf 88' lang='lat' dir='ltr'>patientibus</span> <span class='ocrx_word' id='word_1_192' title='bbox 510 1659 686 1698; x_wconf 91' lang='lat' dir='ltr'>breviter</span> <span class='ocrx_word' id='word_1_193' title='bbox 728 1659 852 1697; x_wconf 91' lang='lat' dir='ltr'>docet</span> <span class='ocrx_word' id='word_1_194' title='bbox 893 1659 1127 1707; x_wconf 84' lang='lat'>(17,3—7)‚</span> <span class='ocrx_word' id='word_1_195' title='bbox 1169 1659 1321 1698; x_wconf 92' lang='lat' dir='ltr'>deinde</span> <span class='ocrx_word' id='word_1_196' title='bbox 1363 1669 1496 1708; x_wconf 89' lang='lat' dir='ltr'>aeque</span> <span class='ocrx_word' id='word_1_197' title='bbox 1533 1660 1656 1708; x_wconf 90' lang='lat' dir='ltr'>atque</span> 
     </span>
     <span class='ocr_line' id='line_1_24' title="bbox 212 1723 1656 1775; baseline -0.001 -12"><span class='ocrx_word' id='word_1_198' title='bbox 212 1724 279 1763; x_wconf 91' lang='lat' dir='ltr'>ille</span> <span class='ocrx_word' id='word_1_199' title='bbox 316 1724 370 1763; x_wconf 92' lang='lat' dir='ltr'>ad</span> <span class='ocrx_word' id='word_1_200' title='bbox 407 1723 597 1763; x_wconf 90' lang='lat' dir='ltr'>Herculis</span> <span class='ocrx_word' id='word_1_201' title='bbox 632 1726 820 1774; x_wconf 89' lang='lat' dir='ltr'>tempora</span> <span class='ocrx_word' id='word_1_202' title='bbox 852 1733 1068 1775; x_wconf 88' lang='lat' dir='ltr'>regressus</span> <span class='ocrx_word' id='word_1_203' title='bbox 1105 1734 1170 1764; x_wconf 87' lang='lat' dir='ltr'>res</span> <span class='ocrx_word' id='word_1_204' title='bbox 1201 1725 1241 1763; x_wconf 94' lang='lat' dir='ltr'>in</span> <span class='ocrx_word' id='word_1_205' title='bbox 1273 1723 1409 1763; x_wconf 85' lang='lat' dir='ltr'>Africa</span> <span class='ocrx_word' id='word_1_206' title='bbox 1439 1734 1573 1773; x_wconf 92' lang='lat' dir='ltr'>usque</span> <span class='ocrx_word' id='word_1_207' title='bbox 1604 1723 1656 1762; x_wconf 94' lang='lat' dir='ltr'>ad</span> 
     </span>
     <span class='ocr_line' id='line_1_25' title="bbox 214 1787 1657 1840; baseline -0.001 -12"><span class='ocrx_word' id='word_1_208' title='bbox 214 1799 332 1828; x_wconf 92' lang='lat' dir='ltr'>suam</span> <span class='ocrx_word' id='word_1_209' title='bbox 363 1790 539 1828; x_wconf 88' lang='lat' dir='ltr'>aetatem</span> <span class='ocrx_word' id='word_1_210' title='bbox 570 1790 712 1839; x_wconf 88' lang='lat' dir='ltr'>gestas</span> <span class='ocrx_word' id='word_1_211' title='bbox 745 1788 1061 1838; x_wconf 91' lang='lat' dir='ltr'>comprehendit</span> <span class='ocrx_word' id='word_1_212' title='bbox 1091 1787 1174 1839; x_wconf 89' lang='lat'>(17,</span> <span class='ocrx_word' id='word_1_213' title='bbox 1195 1788 1340 1833; x_wconf 86' lang='lat'>7—19‚</span> <span class='ocrx_word' id='word_1_214' title='bbox 1360 1787 1416 1840; x_wconf 91' lang='lat'>2),</span> <span class='ocrx_word' id='word_1_215' title='bbox 1447 1799 1529 1839; x_wconf 91' lang='lat' dir='ltr'>qua</span> <span class='ocrx_word' id='word_1_216' title='bbox 1554 1789 1594 1827; x_wconf 91' lang='lat' dir='ltr'>in</span> <span class='ocrx_word' id='word_1_217' title='bbox 1616 1799 1657 1827; x_wconf 91' lang='lat' dir='ltr'>re</span> 
     </span>
     <span class='ocr_line' id='line_1_26' title="bbox 215 1854 1658 1904; baseline 0 -12"><span class='ocrx_word' id='word_1_218' title='bbox 215 1865 264 1892; x_wconf 90' lang='lat' dir='ltr'>ea</span> <span class='ocrx_word' id='word_1_219' title='bbox 306 1854 429 1893; x_wconf 89' lang='lat' dir='ltr'>utitur</span> <span class='ocrx_word' id='word_1_220' title='bbox 465 1854 632 1900; x_wconf 89' lang='lat' dir='ltr'>ratione,</span> <span class='ocrx_word' id='word_1_221' title='bbox 670 1855 712 1892; x_wconf 95' lang='lat' dir='ltr'>ut</span> <span class='ocrx_word' id='word_1_222' title='bbox 742 1864 848 1903; x_wconf 92' lang='lat' dir='ltr'>quae</span> <span class='ocrx_word' id='word_1_223' title='bbox 881 1854 1083 1903; x_wconf 88' lang='lat' dir='ltr'>cuiusque</span> <span class='ocrx_word' id='word_1_224' title='bbox 1120 1854 1171 1892; x_wconf 95' lang='lat' dir='ltr'>de</span> <span class='ocrx_word' id='word_1_225' title='bbox 1203 1854 1337 1904; x_wconf 90' lang='lat' dir='ltr'>gentis</span> <span class='ocrx_word' id='word_1_226' title='bbox 1368 1864 1461 1893; x_wconf 93' lang='lat' dir='ltr'>cum</span> <span class='ocrx_word' id='word_1_227' title='bbox 1492 1854 1658 1892; x_wconf 92' lang='lat' dir='ltr'>nomine</span> 
     </span>
     <span class='ocr_line' id='line_1_27' title="bbox 215 1916 1658 1970; baseline 0 -13"><span class='ocrx_word' id='word_1_228' title='bbox 215 1920 254 1957; x_wconf 89' lang='lat' dir='ltr'>et</span> <span class='ocrx_word' id='word_1_229' title='bbox 312 1918 472 1970; x_wconf 89' lang='lat' dir='ltr'>origine</span> <span class='ocrx_word' id='word_1_230' title='bbox 504 1918 634 1969; x_wconf 87' lang='lat'>(18‚4;</span> <span class='ocrx_word' id='word_1_231' title='bbox 658 1919 698 1966; x_wconf 89' lang='lat'>7;</span> <span class='ocrx_word' id='word_1_232' title='bbox 734 1918 797 1965; x_wconf 85' lang='lat'>10;</span> <span class='ocrx_word' id='word_1_233' title='bbox 827 1918 885 1965; x_wconf 87' lang='lat'>19,</span> <span class='ocrx_word' id='word_1_234' title='bbox 912 1919 924 1956; x_wconf 94' lang='grc'>1</span> <span class='ocrx_word' id='word_1_235' title='bbox 962 1916 1197 1958; x_wconf 91' lang='lat' dir='ltr'>Phoenices</span> <span class='ocrx_word' id='word_1_236' title='bbox 1228 1918 1479 1968; x_wconf 92' lang='lat' dir='ltr'>oppidorum</span> <span class='ocrx_word' id='word_1_237' title='bbox 1511 1918 1658 1957; x_wconf 92' lang='lat' dir='ltr'>condi-</span> 
     </span>
     <span class='ocr_line' id='line_1_28' title="bbox 214 1983 1659 2035; baseline 0 -12"><span class='ocrx_word' id='word_1_238' title='bbox 214 1987 326 2023; x_wconf 90' lang='lat' dir='ltr'>tores</span> <span class='ocrx_word' id='word_1_239' title='bbox 358 1983 635 2035; x_wconf 92' lang='lat' dir='ltr'>inducuntur),</span> <span class='ocrx_word' id='word_1_240' title='bbox 672 1986 754 2023; x_wconf 93' lang='lat' dir='ltr'>tum</span> <span class='ocrx_word' id='word_1_241' title='bbox 788 1984 973 2023; x_wconf 92' lang='lat' dir='ltr'>moribus</span> <span class='ocrx_word' id='word_1_242' title='bbox 1005 1986 1044 2023; x_wconf 92' lang='lat' dir='ltr'>et</span> <span class='ocrx_word' id='word_1_243' title='bbox 1074 1984 1237 2035; x_wconf 92' lang='lat' dir='ltr'>legibus</span> <span class='ocrx_word' id='word_1_244' title='bbox 1274 1983 1514 2035; x_wconf 85' lang='lat'>(18,1—2)‚</span> <span class='ocrx_word' id='word_1_245' title='bbox 1550 1984 1659 2023; x_wconf 93' lang='lat' dir='ltr'>cultu</span> 
     </span>
    </p>

    <p class='ocr_par' dir='ltr' id='par_1_4' title="bbox 216 2101 1663 2352">
     <span class='ocr_line' id='line_1_29' title="bbox 327 2101 1660 2145; baseline 0.001 -10"><span class='ocrx_word' id='word_1_246' title='bbox 327 2102 352 2145; x_wconf 85' lang='grc'>1)</span> <span class='ocrx_word' id='word_1_247' title='bbox 390 2102 483 2135; x_wconf 84' lang='lat' dir='ltr'>conf.</span> <span class='ocrx_word' id='word_1_248' title='bbox 530 2102 665 2137; x_wconf 92' lang='lat' dir='ltr'>Wilam.</span> <span class='ocrx_word' id='word_1_249' title='bbox 725 2101 975 2137; x_wconf 85' lang='lat' dir='ltr'>Griechisches</span> <span class='ocrx_word' id='word_1_250' title='bbox 1032 2102 1235 2143; x_wconf 88' lang='lat' dir='ltr'>Lesebuch,</span> <span class='ocrx_word' id='word_1_251' title='bbox 1294 2102 1567 2145; x_wconf 72' lang='lat' dir='ltr'>Erlauterungen</span> <span class='ocrx_word' id='word_1_252' title='bbox 1621 2103 1660 2144; x_wconf 95' lang='lat' dir='ltr'>ll,</span> 
     </span>
     <span class='ocr_line' id='line_1_30' title="bbox 217 2156 1662 2199; baseline 0 -9"><span class='ocrx_word' id='word_1_253' title='bbox 217 2166 297 2199; x_wconf 89' lang='lat' dir='ltr'>pag.</span> <span class='ocrx_word' id='word_1_254' title='bbox 327 2158 470 2197; x_wconf 83' lang='lat'>144,15:</span> <span class='ocrx_word' id='word_1_255' title='bbox 494 2157 633 2190; x_wconf 93' lang='lat' dir='ltr'>Diodor</span> <span class='ocrx_word' id='word_1_256' title='bbox 658 2158 835 2199; x_wconf 73' lang='lat' dir='ltr'>iibertragt</span> <span class='ocrx_word' id='word_1_257' title='bbox 858 2157 946 2190; x_wconf 89' lang='lat' dir='ltr'>alles</span> <span class='ocrx_word' id='word_1_258' title='bbox 970 2156 1313 2190; x_wconf 89' lang='lat' dir='ltr'>Poseidonianische</span> <span class='ocrx_word' id='word_1_259' title='bbox 1338 2157 1586 2199; x_wconf 87' lang='lat' dir='ltr'>gedankenlos</span> <span class='ocrx_word' id='word_1_260' title='bbox 1604 2157 1662 2190; x_wconf 87' lang='lat' dir='ltr'>auf</span> 
     </span>
     <span class='ocr_line' id='line_1_31' title="bbox 216 2210 1663 2253; baseline 0 -9"><span class='ocrx_word' id='word_1_261' title='bbox 216 2211 317 2244; x_wconf 89' lang='lat' dir='ltr'>seine</span> <span class='ocrx_word' id='word_1_262' title='bbox 341 2211 425 2244; x_wconf 88' lang='lat' dir='ltr'>Zeit.</span> <span class='ocrx_word' id='word_1_263' title='bbox 477 2211 525 2246; x_wconf 88' lang='lat'>16.</span> <span class='ocrx_word' id='word_1_264' title='bbox 550 2211 616 2245; x_wconf 92' lang='lat' dir='ltr'>Die</span> <span class='ocrx_word' id='word_1_265' title='bbox 641 2211 784 2245; x_wconf 70' lang='lat' dir='ltr'>Haduer</span> <span class='ocrx_word' id='word_1_266' title='bbox 814 2212 933 2245; x_wconf 89' lang='lat' dir='ltr'>hatten</span> <span class='ocrx_word' id='word_1_267' title='bbox 958 2211 1034 2244; x_wconf 88' lang='lat' dir='ltr'>sich</span> <span class='ocrx_word' id='word_1_268' title='bbox 1060 2210 1264 2244; x_wconf 84' lang='lat' dir='ltr'>schliesslich</span> <span class='ocrx_word' id='word_1_269' title='bbox 1290 2211 1384 2244; x_wconf 90' lang='lat' dir='ltr'>doch</span> <span class='ocrx_word' id='word_1_270' title='bbox 1408 2219 1526 2253; x_wconf 88' lang='lat' dir='ltr'>gegen</span> <span class='ocrx_word' id='word_1_271' title='bbox 1551 2210 1663 2245; x_wconf 71' lang='lat' dir='ltr'>casar</span> 
     </span>
     <span class='ocr_line' id='line_1_32' title="bbox 218 2264 1662 2307; baseline 0 -9"><span class='ocrx_word' id='word_1_272' title='bbox 218 2267 365 2307; x_wconf 77' lang='lat' dir='ltr'>emport,</span> <span class='ocrx_word' id='word_1_273' title='bbox 397 2266 468 2298; x_wconf 92' lang='lat' dir='ltr'>und</span> <span class='ocrx_word' id='word_1_274' title='bbox 494 2266 567 2299; x_wconf 92' lang='lat' dir='ltr'>ihre</span> <span class='ocrx_word' id='word_1_275' title='bbox 592 2265 849 2299; x_wconf 87' lang='lat' dir='ltr'>Freundschaft</span> <span class='ocrx_word' id='word_1_276' title='bbox 878 2266 938 2298; x_wconf 92' lang='lat' dir='ltr'>mit</span> <span class='ocrx_word' id='word_1_277' title='bbox 960 2265 1048 2301; x_wconf 87' lang='lat' dir='ltr'>Rom</span> <span class='ocrx_word' id='word_1_278' title='bbox 1075 2266 1168 2298; x_wconf 87' lang='lat' dir='ltr'>hatte</span> <span class='ocrx_word' id='word_1_279' title='bbox 1193 2265 1296 2298; x_wconf 90' lang='lat' dir='ltr'>keine</span> <span class='ocrx_word' id='word_1_280' title='bbox 1322 2264 1532 2307; x_wconf 87' lang='lat' dir='ltr'>Bedeutung</span> <span class='ocrx_word' id='word_1_281' title='bbox 1555 2266 1662 2306; x_wconf 89' lang='lat' dir='ltr'>mehr,</span> 
     </span>
     <span class='ocr_line' id='line_1_33' title="bbox 218 2319 607 2352; baseline 0.003 -1"><span class='ocrx_word' id='word_1_282' title='bbox 218 2321 270 2352; x_wconf 89' lang='lat' dir='ltr'>als</span> <span class='ocrx_word' id='word_1_283' title='bbox 294 2319 432 2352; x_wconf 92' lang='lat' dir='ltr'>Diodor</span> <span class='ocrx_word' id='word_1_284' title='bbox 456 2320 607 2352; x_wconf 89' lang='lat' dir='ltr'>schrieb.</span> 
     </span>
    </p>

    <p class='ocr_par' dir='ltr' id='par_1_5' title="bbox 219 2373 1664 2579">
     <span class='ocr_line' id='line_1_34' title="bbox 330 2373 1663 2416; baseline 0 -10"><span class='ocrx_word' id='word_1_285' title='bbox 330 2374 356 2415; x_wconf 79' lang='grc'>2)</span> <span class='ocrx_word' id='word_1_286' title='bbox 382 2373 478 2407; x_wconf 92' lang='lat' dir='ltr'>Idem</span> <span class='ocrx_word' id='word_1_287' title='bbox 514 2374 613 2415; x_wconf 93' lang='lat' dir='ltr'>quod</span> <span class='ocrx_word' id='word_1_288' title='bbox 647 2373 787 2407; x_wconf 90' lang='lat' dir='ltr'>dicendi</span> <span class='ocrx_word' id='word_1_289' title='bbox 822 2382 956 2416; x_wconf 90' lang='lat' dir='ltr'>genere</span> <span class='ocrx_word' id='word_1_290' title='bbox 992 2373 1215 2416; x_wconf 91' lang='lat' dir='ltr'>potissimum</span> <span class='ocrx_word' id='word_1_291' title='bbox 1245 2374 1406 2416; x_wconf 91' lang='lat' dir='ltr'>inspecto</span> <span class='ocrx_word' id='word_1_292' title='bbox 1437 2374 1482 2408; x_wconf 92' lang='lat' dir='ltr'>de</span> <span class='ocrx_word' id='word_1_293' title='bbox 1513 2373 1663 2407; x_wconf 92' lang='lat' dir='ltr'>Diodori</span> 
     </span>
     <span class='ocr_line' id='line_1_35' title="bbox 219 2428 1662 2470; baseline 0.001 -10"><span class='ocrx_word' id='word_1_294' title='bbox 219 2430 238 2460; x_wconf 92' lang='lat' dir='ltr'>l.</span> <span class='ocrx_word' id='word_1_295' title='bbox 264 2429 292 2461; x_wconf 97' lang='lat' dir='ltr'>V</span> <span class='ocrx_word' id='word_1_296' title='bbox 318 2437 346 2461; x_wconf 95' lang='lat' dir='ltr'>c.</span> <span class='ocrx_word' id='word_1_297' title='bbox 371 2429 481 2461; x_wconf 88' lang='lat'><strong>7—22</strong></span> <span class='ocrx_word' id='word_1_298' title='bbox 505 2429 725 2470; x_wconf 85' lang='lat' dir='ltr'>collegimus,</span> <span class='ocrx_word' id='word_1_299' title='bbox 759 2428 937 2462; x_wconf 85' lang='lat' dir='ltr'>Alfredum</span> <span class='ocrx_word' id='word_1_300' title='bbox 964 2429 1064 2461; x_wconf 88' lang='lat' dir='ltr'>Klotz</span> <span class='ocrx_word' id='word_1_301' title='bbox 1089 2429 1122 2461; x_wconf 93' lang='lat' dir='ltr'>in</span> <span class='ocrx_word' id='word_1_302' title='bbox 1147 2429 1246 2469; x_wconf 93' lang='lat' dir='ltr'>libro,</span> <span class='ocrx_word' id='word_1_303' title='bbox 1283 2437 1387 2470; x_wconf 88' lang='lat' dir='ltr'>quern</span> <span class='ocrx_word' id='word_1_304' title='bbox 1413 2429 1662 2462; x_wconf 86' lang='lat' dir='ltr'>dissertatione</span> 
     </span>
     <span class='ocr_line' id='line_1_36' title="bbox 220 2481 1664 2524; baseline 0.001 -10"><span class='ocrx_word' id='word_1_305' title='bbox 220 2483 287 2514; x_wconf 89' lang='lat' dir='ltr'>iam</span> <span class='ocrx_word' id='word_1_306' title='bbox 312 2482 358 2514; x_wconf 91' lang='lat' dir='ltr'>ad</span> <span class='ocrx_word' id='word_1_307' title='bbox 382 2482 489 2515; x_wconf 90' lang='lat' dir='ltr'>finem</span> <span class='ocrx_word' id='word_1_308' title='bbox 514 2483 686 2524; x_wconf 88' lang='lat' dir='ltr'>perducta</span> <span class='ocrx_word' id='word_1_309' title='bbox 703 2483 814 2516; x_wconf 91' lang='lat' dir='ltr'>edidit</span> <span class='ocrx_word' id='word_1_310' title='bbox 830 2481 1135 2523; x_wconf 86' lang='lat' dir='ltr'>(Caesarstudien,</span> <span class='ocrx_word' id='word_1_311' title='bbox 1161 2482 1300 2524; x_wconf 89' lang='lat' dir='ltr'>Lipsiae</span> <span class='ocrx_word' id='word_1_312' title='bbox 1319 2491 1348 2516; x_wconf 94' lang='lat' dir='ltr'>a.</span> <span class='ocrx_word' id='word_1_313' title='bbox 1371 2482 1454 2515; x_wconf 87' lang='lat'>1910</span> <span class='ocrx_word' id='word_1_314' title='bbox 1477 2491 1557 2524; x_wconf 89' lang='lat' dir='ltr'>pag.</span> <span class='ocrx_word' id='word_1_315' title='bbox 1579 2482 1664 2523; x_wconf 82' lang='lat'>134),</span> 
     </span>
     <span class='ocr_line' id='line_1_37' title="bbox 221 2536 1659 2579; baseline 0 -9"><span class='ocrx_word' id='word_1_316' title='bbox 221 2537 266 2570; x_wconf 90' lang='lat' dir='ltr'>de</span> <span class='ocrx_word' id='word_1_317' title='bbox 292 2537 310 2571; x_wconf 93' lang='lat' dir='ltr'>l.</span> <span class='ocrx_word' id='word_1_318' title='bbox 337 2536 366 2570; x_wconf 96' lang='lat' dir='ltr'>V</span> <span class='ocrx_word' id='word_1_319' title='bbox 392 2545 420 2571; x_wconf 95' lang='lat' dir='ltr'>c.</span> <span class='ocrx_word' id='word_1_320' title='bbox 445 2537 482 2570; x_wconf 89' lang='grc'>21</span> <span class='ocrx_word' id='word_1_321' title='bbox 512 2538 546 2571; x_wconf 92' lang='lat' dir='ltr'>et</span> <span class='ocrx_word' id='word_1_322' title='bbox 569 2537 613 2570; x_wconf 89' lang='lat'>22</span> <span class='ocrx_word' id='word_1_323' title='bbox 636 2537 769 2571; x_wconf 90' lang='lat' dir='ltr'>idcirco</span> <span class='ocrx_word' id='word_1_324' title='bbox 794 2537 901 2571; x_wconf 91' lang='lat' dir='ltr'>video</span> <span class='ocrx_word' id='word_1_325' title='bbox 930 2537 1110 2578; x_wconf 86' lang='lat' dir='ltr'>statuisse,</span> <span class='ocrx_word' id='word_1_326' title='bbox 1129 2537 1226 2579; x_wconf 93' lang='lat' dir='ltr'>quod</span> <span class='ocrx_word' id='word_1_327' title='bbox 1259 2540 1294 2571; x_wconf 87' lang='lat' dir='ltr'>et</span> <span class='ocrx_word' id='word_1_328' title='bbox 1311 2537 1339 2570; x_wconf 98' lang='lat' dir='ltr'>V</span> <span class='ocrx_word' id='word_1_329' title='bbox 1363 2537 1416 2577; x_wconf 85' lang='lat'>21,</span> <span class='ocrx_word' id='word_1_330' title='bbox 1438 2538 1448 2570; x_wconf 93' lang='grc'>1</span> <span class='ocrx_word' id='word_1_331' title='bbox 1478 2538 1513 2570; x_wconf 93' lang='lat' dir='ltr'>et</span> <span class='ocrx_word' id='word_1_332' title='bbox 1529 2537 1558 2571; x_wconf 97' lang='lat' dir='ltr'>V</span> <span class='ocrx_word' id='word_1_333' title='bbox 1575 2537 1627 2579; x_wconf 83' lang='lat'>32,</span> <span class='ocrx_word' id='word_1_334' title='bbox 1648 2539 1659 2570; x_wconf 96' lang='grc'>1</span> 
     </span>
    </p>
   </div>
   <div class='ocr_carea' id='block_1_3' title="bbox 221 2591 1665 2679">
    <p class='ocr_par' dir='ltr' id='par_1_6' title="bbox 221 2591 1665 2679">
     <span class='ocr_line' id='line_1_38' title="bbox 221 2591 1665 2634; baseline 0.001 -10"><span class='ocrx_word' id='word_1_335' title='bbox 221 2592 388 2632; x_wconf 89' lang='lat' dir='ltr'>gentibus</span> <span class='ocrx_word' id='word_1_336' title='bbox 420 2600 439 2624; x_wconf 91' lang='lat' dir='ltr'>e</span> <span class='ocrx_word' id='word_1_337' title='bbox 470 2592 615 2633; x_wconf 90' lang='lat' dir='ltr'>regione</span> <span class='ocrx_word' id='word_1_338' title='bbox 641 2592 838 2634; x_wconf 88' lang='lat' dir='ltr'>Hercyniae</span> <span class='ocrx_word' id='word_1_339' title='bbox 864 2592 975 2624; x_wconf 90' lang='lat' dir='ltr'>silvae</span> <span class='ocrx_word' id='word_1_340' title='bbox 1001 2592 1240 2625; x_wconf 85' lang='lat' dir='ltr'>habitantibus</span> <span class='ocrx_word' id='word_1_341' title='bbox 1264 2600 1395 2625; x_wconf 91' lang='lat' dir='ltr'>nomen</span> <span class='ocrx_word' id='word_1_342' title='bbox 1420 2600 1504 2625; x_wconf 89' lang='lat' dir='ltr'>esse</span> <span class='ocrx_word' id='word_1_343' title='bbox 1530 2591 1665 2626; x_wconf 88' lang='lat' dir='ltr'>Galatis</span> 
     </span>
     <span class='ocr_line' id='line_1_39' title="bbox 222 2647 386 2679; baseline 0.006 -1"><span class='ocrx_word' id='word_1_344' title='bbox 222 2647 386 2679; x_wconf 86' lang='lat' dir='ltr'>narratur.</span> 
     </span>
    </p>
   </div>
  </div>
 </body>
</html>
