1868 3093
833 201 1103 240 —92—

239 320 321 349 non
359 310 570 360 indignum
609 310 768 349 videtur
798 341 806 348 .
837 341 845 348 .
876 341 883 349 .
919 319 1157 349 memorare.
1200 330 1251 336 ——
1292 307 1329 347 T
1331 318 1390 347 ac.
1421 318 1513 347 ann.
1545 307 1590 347 111
1620 307 1691 347 25:

238 374 303 414 Ea
333 385 399 414 res
430 374 634 421 admonet,
665 377 710 414 ut
738 374 790 413 de
811 375 1031 425 principiis
1060 375 1171 420 iuris,
1203 376 1243 413 et
1269 372 1418 424 quibus
1441 373 1576 413 modis
1606 403 1614 413 .
1644 402 1652 410 .
1683 404 1691 412 .

232 442 472 489 perventum
508 440 572 488 sii,
609 439 733 479 altius
765 440 991 487 disseram,·
1032 437 1118 479 Cat.
1148 439 1185 486 5,
1215 440 1258 479 9:
1298 438 1380 481 Res
1409 439 1503 489 ipsa
1530 438 1695 478 hortari

240 505 409 550 videtur,
441 505 637 555 quoniam
659 505 712 545 de
731 504 915 545 moribus
935 505 1111 545 civitatis
1132 507 1289 555 tempus
1310 503 1532 550 admonuit,
1561 513 1691 554 supra

240 573 423 619 repetere
453 581 503 610 ac
526 571 679 621 paucis
709 571 895 610 instituta
923 571 1125 610 maiorum
1157 570 1270 609 domi
1295 569 1552 619 militiaeque,
1584 578 1690 618 quo-

239 635 364 674 modo
378 633 501 685 facta
525 635 616 680 sint,
648 635 860 675 disserere.
892 657 940 662 —
973 634 1071 675 Tac.
1093 645 1186 674 ann.
1205 634 1294 675 XVl
1320 634 1384 674 18:
1414 633 1479 674 De
1496 632 1689 673 Petronio

236 710 377 750 pauca
417 710 547 750 supra
588 699 812 750 repetenda
851 702 968 747 sunt,·
1009 698 1096 740 Cat.
1125 700 1163 748 4,
1191 700 1234 740 5:
1274 700 1340 740 De
1370 700 1485 740 cuius
1515 698 1691 739 hominis

238 764 423 804 moribus
444 775 586 814 pauca
600 765 722 814 prius
743 765 1011 814 explananda
1031 767 1136 810 sunt,
1167 775 1290 815 quam
1312 765 1467 804 initium
1487 763 1694 804 narrandi

235 828 408 880 faciam.

349 895 497 945 Neque
521 895 642 946 igitur
663 906 714 934 ex
735 896 816 935 illis
836 895 1036 942 formulis,
1058 896 1215 945 quippe
1237 905 1342 945 quas
1359 906 1411 934 ex
1427 893 1689 934 Sallustianis

237 959 427 999 formulis
469 960 679 1011 profectas
721 970 818 1001 esse
860 962 1068 1011 appareat,
1111 961 1163 1000 de
1206 960 1311 1011 ipsis
1354 959 1689 1012 digressionibus

238 1025 395 1075 aliquid
431 1026 582 1065 certius
613 1025 758 1065 afferre
791 1026 896 1073 licet,
933 1026 975 1065 id
1017 1026 1132 1076 quod
1173 1025 1270 1065 fecit
1299 1024 1519 1076 Philippus
1560 1023 1690 1064 Fabia

237 1090 277 1129 in
310 1090 415 1129 libro
447 1092 516 1141 qui
553 1091 802 1130 inscribitur:
837 1091 939 1138 „Les
976 1101 1150 1130 sources
1182 1090 1233 1130 de
1263 1090 1442 1130 Tacite.“
1457 1088 1488 1142 ¹)
1547 1090 1607 1129 Ex
1637 1089 1688 1129 iis

238 1156 346 1194 enirn
390 1167 497 1206 quae
528 1155 699 1195 Tacitus
741 1167 1000 1206 praeponere
1042 1156 1150 1195 solet
1189 1156 1328 1195 verbis
1366 1156 1447 1195 sibi
1477 1156 1593 1194 visus
1625 1156 1689 1194 est

237 1221 490 1271 perspicere,
522 1223 652 1260 utrum
675 1220 845 1260 Tacitus
876 1222 967 1272 ipse
990 1220 1250 1273 digrediendi
1274 1220 1492 1260 consilium
1516 1220 1688 1271 capiens

237 1286 301 1324 vel
335 1286 386 1325 de
418 1296 496 1325 suo
527 1286 592 1325 vel
624 1287 706 1325 alio
738 1287 939 1337 scriptore
971 1286 1158 1325 adhibito
1189 1297 1255 1326 res
1286 1286 1519 1333 subiecerit,
1554 1296 1605 1324 an
1636 1295 1688 1324 ex

238 1361 288 1389 eo
321 1362 443 1401 quem
476 1362 645 1401 quoque
677 1352 773 1390 loco
804 1354 975 1391 secutus
1006 1351 1059 1391 sit
1088 1351 1290 1403 scriptore
1321 1361 1402 1391 una
1424 1361 1516 1390 curn
1539 1350 1687 1391 ceteris

237 1417 363 1457 rebus
395 1418 567 1457 narratis
599 1418 905 1468 digressionem
937 1428 1107 1468 quoque
1138 1417 1395 1457 transtulerit.
1455 1416 1549 1463 Qua
1579 1417 1618 1455 in
1645 1427 1686 1456 re

240 1492 322 1532 qua
364 1482 520 1522 ratione
564 1492 667 1522 usus
711 1484 764 1523 sit
794 1483 1017 1522 declaravit
1047 1493 1139 1534 pag.
1170 1482 1261 1530 246,
1303 1482 1373 1522 ubi
1404 1483 1481 1522 hac
1511 1482 1687 1521 formula

240 1548 377 1586 allata:
425 1548 555 1587 Haud
593 1547 723 1598 suerii
770 1548 934 1598 longum
984 1549 1100 1587 initia
1149 1548 1358 1598 religionis
1399 1578 1406 1586 .
1443 1578 1451 1586 .
1486 1578 1494 1586 .
1536 1548 1687 1597 paucis

237 1613 439 1653 a't'sserere
470 1645 477 1652 .
509 1645 516 1652 .
547 1644 554 1651 .
597 1614 903 1665 digressionem
946 1613 1273 1664 subsequentem
1314 1612 1415 1652 fonti
1454 1613 1546 1663 ipsi,
1589 1612 1688 1652 dicit

235 1677 423 1725 Plinium,
459 1679 640 1718 attribuit
676 1679 736 1718 sic
774 1679 1058 1718 ratiocinatus:
1099 1678 1265 1726 „Tacite
1304 1689 1355 1717 ne
1394 1678 1480 1717 s'en
1511 1678 1685 1717 attribue

237 1753 315 1794 pas
365 1743 603 1783 l'initiative:
653 1744 678 1783 il
730 1743 921 1784 s’excuse
972 1744 1202 1784 seulement
1251 1743 1559 1794 d’interrompre
1608 1754 1686 1784 son

237 1809 347 1847 recit.
407 1808 528 1848 Entre
570 1809 631 1848 les
673 1809 872 1848 formules
914 1810 937 1847 a
968 1819 1094 1848 cause
1137 1808 1379 1858 desquelles
1416 1819 1523 1847 nous
1553 1818 1686 1848 avons

236 1873 490 1924 revendique'
522 1884 629 1924 pour
648 1872 792 1913 Tacite
824 1874 1028 1913 certaines
1059 1873 1320 1926 digressions
1342 1874 1381 1913 et
1402 1873 1579 1921 celle-ci,
1610 1873 1635 1913 il
1660 1884 1686 1924 y

236 1949 259 1977 a
291 1949 369 1978 une
403 1938 628 1978 difference
667 1939 916 1979 essentielle.
976 1939 1054 1979 Les
1085 1942 1221 1979 autres
1253 1939 1519 1979 contiennent
1548 1941 1685 1979 toutes

237 2015 317 2043 une
348 2004 473 2042 verbe
506 2005 530 2042 a
560 2003 598 2042 la
628 2003 829 2053 premiere
861 2014 1070 2053 personne
1098 2014 1173 2054 par
1193 2003 1329 2054 lequel
1350 2003 1493 2044 Tacite
1515 2004 1684 2055 indique

235 2068 473 2107 clairement
502 2079 581 2108 son
614 2069 898 2108 intervention.
956 2069 1009 2108 lci
1041 2069 1077 2108 le
1110 2070 1235 2108 verbe
1266 2071 1330 2109 est
1360 2070 1383 2108 a
1413 2069 1450 2109 la
1475 2070 1685 2110 troisieme

234 2144 457 2184 personne,
494 2133 519 2172 il
551 2132 617 2185 n‘y
647 2144 670 2173 a
700 2144 778 2184 pas
815 2134 922 2174 dans
959 2134 996 2174 la
1037 2134 1211 2174 formule
1254 2135 1290 2174 le
1329 2135 1516 2175 moindre
1547 2135 1684 2175 indice

234 2198 355 2238 d’une
388 2209 537 2239 source
569 2199 853 2239 secondaire.“

344 2263 493 2303 Verum
525 2266 660 2303 tamen
693 2265 733 2303 id
761 2275 839 2303 suo
863 2265 948 2304 iure
970 2264 1155 2312 affirmat,
1187 2265 1276 2304 eius
1298 2265 1462 2316 generis
1484 2276 1684 2306 excursus

233 2328 422 2368 Tacitum
465 2330 648 2368 invenire
691 2329 882 2379 potuisse
924 2329 1037 2379 apud
1080 2339 1172 2369 eum
1218 2340 1340 2381 quem
1387 2330 1538 2381 quovis
1587 2330 1684 2371 loco

234 2394 422 2444 sequitur
457 2396 679 2440 auctorem,
717 2395 908 2444 quamvis
940 2405 1022 2433 non
1054 2395 1359 2435 demonstretur
1391 2395 1531 2436 verbis
1562 2406 1683 2447 prae-

233 2458 402 2510 positis,
456 2469 506 2498 ex
555 2459 709 2509 quibus
760 2459 857 2499 nihil
909 2459 1017 2500 effici
1068 2462 1208 2511 potest
1256 2461 1335 2501 nisi
1385 2471 1436 2501 ex
1485 2459 1683 2502 Sallustio

233 2525 460 2563 imitatione
491 2524 690 2564 formulas
727 2525 818 2564 illas
861 2536 1086 2575 expressas
1122 2536 1230 2572 esse,
1271 2526 1360 2565 sive
1397 2527 1530 2576 ipsius
1561 2527 1683 2566 huius

323 2665 347 2704 ¹)
372 2663 480 2697 Paris.
533 2665 624 2705 1893,
649 2674 727 2707 pag.
754 2665 828 2697 246.
