1868 3093
830 172 1101 211 —34-

240 282 411 322 Tacitus
442 282 720 320 intermissum
752 291 907 320 morem
938 281 1126 320 videatur
1150 280 1310 328 referre,
1341 282 1438 321 dico
1460 281 1590 329 11175,
1621 280 1690 320 ubi

242 347 294 385 de
330 345 419 386 Atei
453 343 672 397 Capitonis
709 345 895 386 moribus
931 346 1073 399 agitur.
1131 343 1215 387 Sed
1258 346 1362 386 haec
1404 357 1504 387 suas
1540 347 1692 387 habent

242 423 405 452 causas.
447 411 688 451 Memineris
729 411 851 451 velim
891 409 1130 451 Sallustium
1173 412 1213 450 in
1250 409 1427 452 Catilina
1468 410 1690 452 Caesarem

242 476 391 517 Catoni
410 487 691 527 comparasse,
711 477 766 515 ita
787 478 830 516 ut
849 476 1017 517 alterius
1039 476 1226 529 singulas
1243 476 1433 528 corporis
1453 477 1691 529 ingeniique

239 542 457 582 facultates
490 542 602 581 alteri
635 544 878 592 opponeret.
925 541 1036 581 Idem
1068 543 1108 581 in
1139 542 1359 581 annalibus
1389 541 1487 581 facit
1510 542 1691 589 Tacitus,

241 608 399 659 quippe
430 608 500 659 qui
532 618 616 647 non
648 607 700 647 de
726 606 847 647 Ateio
878 607 974 647 solo
1006 609 1182 656 moneat,
1212 607 1289 648 sed
1320 607 1489 647 alterum
1521 618 1690 659 quoque

242 675 418 713 duorum
455 683 562 723 quae
603 673 671 712 illa
707 675 822 712 aetas
858 673 979 712 simul
1015 673 1104 712 tulit
1130 673 1255 722 pacis
1284 672 1476 712 decorum
1513 673 1691 719 inducat,

242 739 479 778 Labeonem
492 737 723 785 Antistium,
737 748 860 788 quem
875 738 1019 778 Hsdem
1034 738 1196 788 quidem
1211 737 1369 778 artibus
1379 738 1691 788 praecellentem

241 804 318 844 sed
350 804 492 843 indole
523 805 563 843 et
592 803 778 843 moribus
810 803 1020 854 disparem
1052 815 1143 843 cum
1170 804 1239 842 illo
1266 804 1490 853 componit.
1535 802 1628 849 Qua
1649 803 1689 841 in

242 880 283 908 re
315 869 413 907 nihil
445 869 647 907 interesse
678 869 850 918 apparet
870 867 1058 907 Tacitum
1089 868 1256 908 alterius
1288 870 1417 908 morte
1443 869 1602 907 narrata
1627 868 1690 907 in-

242 934 446 974 serendae
461 933 786 984 comparationis
803 934 1031 974 occasione
1049 933 1115 981 uti,
1133 931 1372 973 Sallustium
1386 934 1499 973 viros
1514 934 1690 984 primum

242 1001 592 1039 commemoratos
610 999 919 1049 composuisse.
961 997 1073 1047 Quid
1091 998 1241 1050 igitur?
1271 998 1431 1049 Nempe
1450 1000 1690 1039 necessario

242 1066 523 1115 consequitur,
545 1067 587 1104 ut
601 1065 790 1104 Tacitum
808 1066 847 1104 in
865 1064 1085 1104 annalibus
1102 1064 1410 1115 componendis
1431 1064 1483 1103 ab
1506 1064 1690 1103 historiis

242 1130 424 1170 Sallustii
462 1141 509 1169 se
545 1130 746 1168 avertisse
783 1132 823 1168 et
858 1130 910 1168 ad
947 1129 1155 1168 annalium
1186 1129 1432 1179 scriptorum
1464 1139 1620 1167 morem
1652 1130 1691 1167 et

242 1194 589 1235 consuetudinem
612 1204 658 1233 se
680 1193 962 1245 applicavisse
985 1195 1225 1242 statuamus,
1256 1194 1311 1233 ita
1339 1196 1475 1233 tamen
1501 1195 1554 1241 ut,
1585 1204 1689 1243 quas

242 1262 282 1300 in
305 1259 481 1300 Catilina
505 1258 726 1299 Sallustius
755 1260 927 1299 inseruit
956 1260 1254 1311 digressiones,
1285 1269 1357 1298 eas
1388 1259 1494 1299 locis
1526 1259 1690 1298 idoneis

241 1326 441 1365 imitando
473 1323 770 1376 exprimeret.¹)

352 1390 465 1430 Haec
496 1391 531 1430 si
564 1393 672 1429 recte
704 1390 1019 1440 disputavimus,
1056 1391 1246 1429 conicere
1279 1390 1374 1429 licet
1403 1390 1443 1429 in
1475 1390 1690 1429 narrandis

241 1467 410 1508 quoque
442 1456 568 1496 rebus
598 1458 638 1495 et
674 1456 938 1507 exponendis
974 1456 1182 1496 annalium
1220 1456 1466 1507 scriptorum
1504 1466 1689 1495 normam

240 1522 429 1561 Tacitum
466 1522 701 1561 servavisse
734 1532 869 1572 neque
900 1531 1102 1561 excursus
1128 1521 1180 1561 ab
1203 1532 1250 1561 ea
1273 1522 1430 1560 alienas
1452 1521 1689 1560 inseruisse.

242 1587 375 1638 Atque
397 1588 571 1637 primum
595 1587 762 1637 quidem
781 1587 954 1634 constat,
976 1596 1083 1637 quae
1102 1586 1251 1637 quovis
1270 1588 1365 1626 loco
1387 1586 1467 1626 sibi
1488 1586 1689 1636 probavit,

241 1663 290 1692 ea
321 1652 507 1691 Tacitum
546 1653 656 1691 haud
694 1653 891 1691 incertum
929 1652 1089 1691 referre.
1147 1651 1293 1701 Neque
1330 1653 1531 1702 repugnat
1555 1650 1601 1690 lll
1631 1651 1690 1699 16,

241 1718 329 1764 ubi,
378 1719 600 1767 postquam
652 1715 848 1755 Pisonem
899 1716 1094 1767 perfosso
1144 1716 1286 1768 iugulo
1340 1719 1543 1767 repertum
1593 1726 1689 1756 esse

241 1783 427 1829 narravit,
458 1782 510 1821 de
541 1784 671 1821 morte
703 1782 792 1821 eius
824 1783 1055 1821 accuratius
1085 1784 1257 1821 conatur
1277 1782 1501 1832 explicare:
1532 1782 1689 1832 quippe

241 1859 348 1898 quae
380 1849 422 1886 ut
451 1858 474 1886 a
505 1847 743 1886 senioribus
779 1848 926 1885 tradita
962 1847 1001 1885 in
1034 1848 1167 1897 ipsam
1200 1848 1472 1886 narrationem
1504 1847 1688 1898 recipere

241 1924 324 1952 non
367 1912 511 1963 potuit,
553 1922 603 1951 ea
644 1912 683 1951 in
725 1911 809 1951 fine
851 1913 1013 1952 addidit
1048 1913 1315 1952 adnotatione
1352 1913 1404 1952 ad
1444 1923 1508 1952 res
1541 1913 1689 1952 relatas

241 1978 338 2017 nihil
366 1978 540 2024 valente,
571 1977 767 2027 qualibus
788 1977 1040 2027 aliquotiens
1062 1977 1216 2016 Livium
1239 1987 1359 2017 usum
1381 1987 1478 2017 esse
1498 1978 1689 2018 vidimus.

351 2042 402 2083 At
423 2054 506 2082 uno
530 2042 637 2090 loco,
660 2042 709 2082 lV
728 2043 792 2089 57,
815 2045 856 2082 ut
877 2042 993 2095 leges
1016 2044 1168 2093 quibus
1189 2054 1236 2082 se
1258 2044 1477 2083 obstrinxit
1498 2044 1691 2095 neglegat

240 2109 458 2148 adducitur
506 2112 545 2147 et
592 2118 726 2157 paene
771 2108 941 2159 cogitur.
1018 2106 1280 2158 Quamquam
1325 2108 1432 2147 enim
1478 2107 1687 2148 Tiberium

240 2177 407 2213 auctore
439 2171 592 2213 Seiano
630 2174 668 2212 in
702 2170 973 2224 Campaniam
1004 2173 1216 2224 proticisci
1254 2174 1523 2213 constituisse
1560 2175 1687 2213 modo

239 2240 399 2285 rettulit,
429 2242 565 2278 tamen
588 2242 698 2278 tanta
720 2239 922 2278 dubitatio
945 2239 981 2278 ei
1007 2240 1203 2286 movetur,
1234 2244 1273 2278 ut
1306 2249 1411 2289 quae
1443 2239 1569 2289 paulo
1594 2241 1687 2279 ante

351 2326 374 2365 ¹)
401 2325 497 2358 Haec
523 2324 624 2367 igitur
656 2325 767 2366 prima
797 2326 832 2358 et
861 2324 1055 2366 praecipua
1083 2333 1193 2358 causa
1223 2331 1287 2365 est,
1323 2334 1384 2358 cur
1412 2325 1564 2358 virorum
1595 2334 1688 2358 mor-

238 2382 375 2412 tuorum
402 2381 506 2412 vitam
532 2380 638 2412 solito
663 2388 762 2411 more
787 2379 956 2420 persequi
975 2379 1117 2412 Tacitus
1143 2379 1283 2417 desinit,
1308 2380 1406 2421 quod
1432 2387 1541 2421 quare
1565 2378 1688 2412 fecerit

239 2434 375 2475 quaerit
399 2433 431 2465 F*
452 2433 523 2466 Leo
547 2434 567 2466 l.
590 2435 609 2466 l.
634 2442 714 2476 pag.
733 2433 812 2467 236:
840 2433 927 2475 „Die
955 2433 1142 2476 „Elogien“
1171 2434 1257 2467 aber
1281 2434 1351 2468 laisst
1374 2433 1517 2468 Tacitus
1541 2434 1587 2467 im
1605 2434 1687 2468 Ver·

238 2488 309 2522 lauf
333 2489 397 2521 der
421 2488 539 2521 Arbeit
564 2489 756 2522 allmahlich
780 2489 897 2529 fallen,
927 2490 1111 2522 einerseits
1136 2488 1262 2530 gewiss,
1292 2489 1371 2522 weil
1396 2497 1433 2521 er
1457 2489 1514 2521 die
1539 2489 1688 2522 Manner

238 2552 310 2575 von
336 2543 444 2575 ihrem
461 2541 641 2575 Auttreten
667 2552 710 2575 an
737 2543 905 2584 begleitet
929 2544 996 2583 hat,
1022 2544 1117 2576 doch
1142 2542 1223 2576 muss
1249 2552 1288 2576 er
1311 2545 1402 2576 aucti
1427 2544 1531 2576 einen
1551 2544 1686 2577 andern

237 2597 349 2630 Anlass
379 2596 559 2638 getunden
591 2597 719 2635 haben,
750 2597 826 2630 sich
857 2598 921 2630 der
950 2598 982 2630 in
1012 2598 1149 2631 seinem
1180 2601 1298 2632 ersten
1323 2597 1453 2631 Werke
1477 2597 1592 2632 testen
1617 2596 1686 2633 Ge-

237 2652 417 2693 wohnung
441 2661 483 2683 zu
509 2651 773 2693 entschlagen“.
