1868 3093
817 246 1059 286 -9-

216 354 318 394 ratio
361 355 386 404 (Ι
412 356 639 404 116-118;
682 354 783 395 Plut.
825 353 926 395 Sert.
958 364 990 393 c.
1017 354 1091 404 12),
1134 363 1256 404 quam
1299 353 1352 392 ita
1394 353 1574 400 instituit,
1616 354 1658 392 ut

216 413 381 461 alterius
424 432 506 461 non
537 417 724 473 singulas
753 419 970 460 facultates
1013 420 1089 459 sed
1132 430 1290 459 morum
1333 418 1656 469 descriptionem

216 485 449 527 absolutam
480 498 572 527 cum
603 486 731 526 altero
762 485 1042 536 componeret.
1658 519 1662 521 ,

326 543 406 592 Iam
436 563 535 592 vero
557 552 747 603 quaestio
770 551 904 599 oritur,
935 561 958 590 a
980 560 1063 601 quo
1086 551 1286 601 scriptore
1309 547 1529 590 Sallustius
1551 549 1657 589 hanc

216 617 423 657 asciscere
445 617 623 668 potuerit
644 616 1006 664 consuetudinem;
1028 627 1163 667 neque
1185 616 1293 655 enim
1319 616 1539 666 quisquam
1562 625 1655 654 eum

215 683 352 733 ipsum
384 690 432 721 ea
461 683 635 733 primum
664 691 784 721 usum
815 690 910 721 esse
933 680 1200 721 asseverabit.
1259 679 1655 730 Circumspiciamus

216 747 345 798 igitur,
378 747 431 786 ad
454 747 570 787 cuius
592 747 807 798 scriptoris
836 747 1118 786 auctoritatem
1141 757 1187 786 se
1210 746 1463 797 applicuerit.
1522 744 1655 795 Atque

216 816 299 862 non
331 811 509 859 defuere,
540 813 608 862 qui
638 811 927 862 Thucydidem
961 811 1083 851 huius
1116 811 1242 850 moris
1285 813 1493 850 auctorem
1524 810 1655 850 fuisse

216 876 489 929 cogitarent.¹)
548 875 629 924 Qui
661 878 849 928 quamvis
881 871 1078 917 Sallustio
1116 878 1155 916 in
1188 877 1298 916 omni
1335 877 1521 916 oratione
1553 887 1655 915 con-

213 941 431 982 formanda
478 941 598 982 fuerit
641 942 845 993 exemplo,
893 944 1029 982 tamen
1079 943 1156 981 hac
1201 943 1240 981 in
1287 952 1327 981 re
1366 941 1653 992 Thucydidem

215 1007 451 1047 imitationis
476 1008 710 1047 facultatem
741 1008 778 1047 ei
804 1008 1070 1058 praebuisse,
1095 1008 1130 1046 si
1153 1008 1366 1057 utriusque
1389 1007 1655 1046 describendi

216 1072 413 1113 rationem
462 1072 694 1113 accuratius
743 1073 1061 1124 comparaveris,
1115 1084 1199 1112 non
1246 1072 1366 1112 facile
1417 1071 1654 1111 affirmabis.

215 1137 360 1188 Neque
390 1139 498 1177 enirn
519 1138 799 1189 Thucydides,
831 1149 939 1189 quos
960 1140 1073 1178 viros
1094 1139 1265 1188 induxit,
1296 1148 1438 1178 eorum
1470 1137 1652 1177 indolem

215 1204 396 1242 naturam
439 1213 575 1244 mores
617 1215 792 1244 excursu
835 1214 859 1243 a
888 1206 1108 1255 proposito
1150 1204 1260 1244 facto
1296 1203 1504 1254 explicare
1534 1203 1653 1250 solet,

215 1268 339 1306 immo
360 1278 458 1307 vero
489 1268 644 1318 privata
666 1279 806 1308 eorum
827 1270 909 1308 vita
930 1279 1101 1320 prorsus
1128 1269 1317 1321 neglecta
1341 1269 1394 1308 de
1416 1269 1466 1308 iis
1496 1269 1650 1307 tantum

214 1333 323 1372 vitiis
353 1333 567 1373 virtutibus
598 1334 746 1373 studiis
777 1334 910 1381 docet,
941 1344 1047 1384 quae
1072 1335 1124 1373 ad
1156 1345 1221 1373 res
1243 1334 1482 1384 propositas
1503 1333 1651 1379 valent,

216 1402 297 1447 qua
326 1398 365 1436 in
397 1409 437 1437 re
469 1399 545 1437 hac
566 1399 686 1437 utitur
715 1399 881 1445 ratione,
912 1400 954 1437 ut
976 1399 1075 1449 quid
1105 1400 1177 1437 viri
1200 1399 1386 1445 dixerint,
1417 1408 1500 1448 quo
1523 1398 1650 1436 modo

214 1462 380 1514 egerint,
411 1462 509 1513 quid
540 1463 606 1501 alii
639 1463 690 1502 de
721 1463 771 1503 iis
803 1464 1072 1502 iudicaverint
1103 1463 1200 1502 dum
1231 1463 1358 1510 affert,
1389 1463 1515 1502 nobis
1545 1462 1651 1512 ipsis

215 1528 474 1567 existimandi
524 1527 721 1577 praebeat
770 1527 1059 1579 facultatem2).
1135 1527 1230 1566 Duo
1281 1537 1381 1567 sane
1432 1528 1471 1566 in
1525 1531 1651 1577 opere

213 1589 486 1645 Thucydideo
515 1594 653 1633 insunt
682 1592 774 1642 loci,
805 1592 957 1645 quibus
989 1595 1028 1634 in
1051 1596 1193 1645 aperto
1225 1595 1288 1634 est
1308 1593 1474 1634 solitum
1497 1604 1651 1633 morem

214 1659 455 1708 scriptorem
498 1670 581 1697 non
624 1659 864 1698 observare:
907 1660 1002 1698 dico
1047 1659 1058 1697 l
1094 1659 1169 1698 138
1200 1660 1238 1698 et
1268 1659 1351 1698 Vlll
1381 1659 1445 1705 68,
1488 1659 1556 1697 ubi
1600 1659 1652 1697 de

212 1719 492 1763 Themistocle
524 1724 563 1763 et
593 1722 645 1764 de·
676 1722 926 1775 Antiphonte
958 1726 1119 1764 oratore
1150 1734 1327 1764 excursu
1369 1723 1512 1764 addito
1544 1723 1652 1763 dicit.

213 1786 297 1828 Sed
339 1789 418 1828 ista
462 1797 560 1828 suas
604 1788 756 1828 habent
797 1799 957 1829 causas.
1030 1789 1175 1839 Neque
1219 1790 1326 1828 enim
1358 1789 1470 1828 illum
1501 1790 1652 1828 utiam

212 1850 370 1903 pridem
405 1854 618 1901 mortuum,
649 1863 784 1904 neque
812 1854 920 1894 hunc
951 1855 994 1894 ut
1014 1854 1053 1893 in
1086 1864 1125 1893 re
1148 1854 1316 1905 publica
1338 1865 1420 1893 non
1448 1854 1651 1893 versatum

212 1918 407 1958 historiae
438 1921 678 1969 argumento
720 1920 900 1958 inserere
931 1920 1073 1969 potuit.
1132 1918 1332 1959 Graviore
1377 1921 1511 1958 autem
1553 1930 1651 1969 pro—

212 1983 367 2032 pendet
414 1983 636 2023 voluntatis
686 1984 949 2023 inclinatione
999 1985 1038 2022 in
1086 1983 1392 2034 Antiphontem,
1438 1994 1559 2035 quam
1611 1985 1653 2022 ut

212 2047 470 2098 prudentiam
527 2049 615 2088 eius
671 2050 710 2089 et
751 2048 915 2089 dicendi
956 2048 1190 2088 facultatem
1240 2049 1364 2100 plane
1413 2051 1650 2100 praetereat,

211 2110 588 2163 Themistoclisque
611 2115 764 2154 maiore
789 2116 948 2153 tenetur
967 2114 1247 2161 admiratione,
1279 2125 1402 2165 quarn
1425 2116 1466 2154 ut
1496 2115 1648 2166 egregii

213 2178 334 2218 huius
363 2178 436 2217 viri
467 2178 573 2219 vitae
604 2180 756 2219 exitum
786 2180 1010 2231 adiungere
1042 2181 1081 2218 et
1101 2179 1342 2229 praedicare
1374 2180 1464 2219 eius
1495 2179 1647 2231 ingenii

211 2243 291 2281 vim
323 2242 533 2295 omittat3).
592 2244 729 2294 Itaque
752 2251 844 2284 cum
866 2255 916 2283 ne
938 2244 1000 2283 his
1024 2244 1191 2293 quidem
1214 2244 1318 2283 locis
1343 2244 1648 2294 descriptiones

321 2383 345 2423 1)
370 2378 462 2416 conf.
500 2382 535 2416 E.
560 2383 763 2423 Mollmann,
800 2384 983 2423 Quatenus
1018 2382 1098 2416 Sall.
1129 2391 1158 2416 e.
1196 2383 1404 2424 scriptorum
1430 2382 1649 2417 Graeccrum

210 2438 375 2479 exemplo
401 2438 566 2479 pendeat,
592 2447 706 2481 progr.
732 2438 926 2481 Regimont,
952 2447 981 2471 a.
1010 2438 1101 2471 1878.

320 2493 344 2532 ²)
369 2491 475 2531 Quod
499 2491 775 2527 luculentissime
811 2492 1064 2527 demonstravit
1093 2491 1120 2535 J.
1146 2491 1258 2525 Bruns
1295 2492 1328 2525 in
1364 2494 1509 2536 egregio
1545 2494 1649 2526 libro:

210 2546 456 2580 Lite'rarisches
481 2546 624 2587 Portrat,
648 2544 773 2588 Berol.,
798 2556 828 2581 a.
856 2547 948 2588 1896,
972 2556 1051 2590 pag.
1068 2547 1187 2580 3—26.

166 2632 169 2634 ,
320 2602 340 2640 ³)
366 2596 398 2635 1².
424 2597 506 2643 Leo,
532 2600 931 2637 Griechisch-r6mische
955 2597 1180 2645 Biographie,
1211 2603 1360 2645 Lipsiae,
1392 2612 1421 2637 a.
1451 2604 1543 2645 1901,
1569 2613 1648 2646 pag.

207 2656 260 2695 86,
286 2656 365 2689 adn.
390 2651 427 2696 4;
453 2655 514 2689 Ed.
540 2651 673 2699 Meyer,
699 2656 842 2690 Forsch.
866 2666 925 2690 zur
949 2658 1039 2690 alten
1065 2656 1281 2691 Geschichte
1300 2659 1334 2697 11,
1359 2658 1478 2699 Halae,
1505 2668 1533 2691 a.
1556 2659 1649 2693 1892.

209 2718 287 2752 pag.
312 2710 387 2750 371,
413 2711 492 2744 adn.
514 2712 539 2743 1.
