1868 3093
216 297 509 338 adiudicarent.
553 297 699 349 Neque
720 300 855 338 tamen
877 310 952 349 pro
975 301 1086 339 certo
1109 298 1361 338 contendere
1383 297 1654 337 dubitaverim

217 372 343 403 unum
384 362 647 413 potissimum
692 364 900 403 auctorem
940 363 1128 403 Tacitum
1174 365 1360 403 secutum
1405 373 1513 410 esse,
1558 362 1655 402 dico

217 427 501 467 Posidonium.
558 427 647 466 Nec
683 427 838 475 mirum,
879 428 948 477 qui
985 428 1193 479 egregium
1230 428 1473 467 Iudaeorum
1508 430 1655 467 terram

219 494 259 532 et
287 501 425 531 mores
462 490 729 531 describendi
765 490 963 531 artificem
994 502 1040 532 se
1069 492 1323 543 praebuerat,
1354 503 1446 532 eum
1478 495 1521 533 ut
1549 492 1656 532 alios

219 557 445 608 scriptores
462 557 517 597 ita
530 556 719 596 Tacitum
740 556 780 596 in
803 556 949 596 eadem
970 559 1091 609 gente
1114 558 1390 597 describenda
1406 559 1655 609 respexisse.

219 621 305 663 Sed
336 633 387 662 ne
416 624 568 662 temere
599 623 680 661 hoc
710 622 782 661 tibi
815 622 967 662 dictum
988 622 1183 669 videatur,
1214 632 1319 673 quae
1340 623 1393 662 de
1414 622 1655 663 Iudaeorum

217 692 323 728 terra
352 688 464 738 apud
496 687 725 727 Diodorum
757 687 787 726 II
816 687 881 734 48,
911 686 1001 726 XIX
1031 687 1095 734 99,
1125 688 1237 737 apud
1267 687 1462 726 Iustinum
1483 687 1657 733 XXXVI,

218 752 264 792 III
298 751 452 801 1—7‚¹)
489 752 600 804 apud
632 750 878 793 Strabonem
915 750 961 793 C.
990 752 1081 800 764,
1118 763 1150 792 c.
1180 752 1205 792 2
1235 750 1263 804 ἓ
1292 752 1356 800 43,
1391 762 1515 803 porro
1552 762 1656 803 quae

218 820 271 859 de
315 819 440 859 rebus
484 819 615 871 gestis
652 819 837 859 moribus
880 819 1075 859 institutis
1105 829 1247 858 eorum
1278 818 1390 868 apud
1426 816 1657 857 Diodorum

217 883 382 924 XXXIV
414 886 433 922 1
466 894 528 935 sq.
559 884 748 936 leguntur
778 894 870 924 cum
900 883 1046 923 Tacito
1077 882 1348 934 comparabo:

447 960 544 1000 Tac.
574 959 609 999 V
636 960 678 999 3:

273 1025 446 1065 Plurimi
456 1028 645 1065 auctores
653 1026 910 1065 consentiunt

218 1093 312 1131 orta
326 1101 405 1141 per
424 1089 648 1141 Aegyptum
670 1089 774 1137 tabe,
800 1101 908 1141 quae

218 1167 396 1207 corpora
408 1154 612 1207 foedaret,
643 1166 777 1206 regem
796 1155 906 1196 Boc-

218 1222 358 1262 chorin
389 1222 503 1261 adito
532 1221 777 1261 Hammonis
806 1232 906 1262 ora-

218 1287 308 1328 culo
334 1287 555 1327 remedium
576 1289 778 1337 petentem
801 1298 907 1338 pur-

212 1363 320 1404 gare
338 1363 506 1404 regnum
522 1355 563 1393 et
575 1352 621 1393 id
628 1363 761 1403 genus
775 1352 907 1393 homi-

218 1429 313 1458 num
343 1421 389 1457 ut
410 1418 581 1458 invisum
603 1418 692 1457 deis
712 1417 776 1470 (I)
798 1418 907 1458 alias

219 1485 259 1523 in
294 1486 428 1524 terras
463 1483 634 1523 avellere
664 1484 818 1523 iussum
846 1483 907 1523 sic

219 1549 487 1598 conquisitum
508 1548 797 1599 collectumque
817 1549 903 1588 vul-

213 1624 305 1664 gus,
357 1616 580 1664 postquam
631 1614 759 1653 vastis
806 1614 923 1654 locis>

218 1678 399 1718 relictum
428 1679 490 1725 sit,
521 1708 528 1716 .
550 1710 587 1718 ..
617 1681 658 1719 et
675 1680 906 1719 continuum

218 1754 293 1784 sex
307 1744 464 1784 dierum
480 1744 556 1783 iter
570 1745 724 1784 emensi
734 1745 907 1795 septimo

217 1808 352 1859 pulsis
417 1808 641 1849 cultoribus
699 1811 908 1860 optinuere

221 1876 365 1923 terras,
384 1875 424 1915 in
440 1875 533 1925 quis
544 1874 644 1915 urbs
662 1878 703 1916 et
718 1875 908 1927 templum

220 1940 359 1980 dicata
384 1939 460 1991 (2).

274 2006 316 2045 4;
335 2005 503 2056 Moyses
521 2017 601 2057 quo
617 2005 700 2046 sibi
713 2007 752 2046 in
764 2009 909 2057 poste-

219 2081 309 2111 rum
342 2074 504 2121 gentem
537 2070 739 2122 firmaret,
780 2083 909 2112 novos

220 2136 323 2175 ritus
390 2137 701 2187 contrariosque
766 2138 910 2178 ceteris

219 2201 464 2242 mortalibus
511 2202 660 2242 indidit
704 2202 780 2254 (3),
824 2235 832 2243 .
863 2235 871 2243 .
901 2235 909 2243 .

220 2265 398 2319 effigiem
434 2268 637 2317 animalis,
677 2278 757 2319 quo
792 2279 909 2309 mon-

219 2335 379 2373 strante
414 2343 591 2373 errorem
619 2334 808 2385 sitimque
837 2335 908 2374 de-

213 2398 419 2449 pulerant,
490 2398 697 2448 penetrali
762 2409 909 2439 sacra-

221 2473 312 2504 vere
343 2462 418 2514 (4),
449 2494 457 2503 .
487 2493 495 2500 .
525 2494 533 2502 .

1122 958 1245 999 Diod.
1275 958 1440 998 XXXIV
1474 960 1511 997 l:

982 1065 989 1067 ,,
1031 1023 1293 1063 ἀπεδείκνυον
1350 1023 1393 1062 δὲ
1449 1023 1516 1061 καὶ
1570 1023 1662 1068 τοὺς

975 1089 1200 1142 προγόνους
1241 1088 1371 1127 αὐτῶν
1413 1088 1468 1135 ὡς
1510 1087 1663 1137 ἀσεβεῖς

976 1156 1038 1208 (8)
1068 1154 1134 1193 καὶ
1164 1157 1428 1204 μισουμένους
1466 1152 1547 1192 ὑπὸ
1583 1160 1662 1191 τῶν

977 1223 1088 1259 θεῶν
1102 1220 1163 1273 (l)
1192 1218 1235 1268 ἐξ
1248 1219 1409 1271 ἁπάσης
1426 1226 1496 1271 τῆς
1509 1218 1661 1269 Αἰγύπ-

975 1300 1045 1324 του
1113 1285 1499 1337 πεφυγαδευμένους,
1570 1285 1662 1330 τοὺς

975 1353 1051 1404 γὰρ
1082 1351 1236 1403 ἀλφοὺς
1264 1350 1287 1401 ἢ
1313 1352 1467 1402 λέπρας
1498 1349 1662 1398 ἔχοντας

976 1415 1016 1455 ἐν
1036 1424 1121 1463 τοῖς
1140 1420 1295 1466 σώμασι
1311 1419 1528 1468 καθαρμοῦ
1543 1419 1660 1468 χάριν

974 1483 1029 1529 ὡς
1085 1481 1239 1533 ἐναγεῖς
1287 1484 1661 1533 συναθροισθέντας

973 1547 1213 1601 ὑπερορίους
1250 1546 1526 1599 ἐκβεβλῆσθαι.
1568 1548 1661 1593 τοὺς

974 1613 1017 1652 δὲ
1047 1612 1332 1665 ἑξορισθέντας
1359 1613 1658 1662 καταλαβέσθαι

974 1678 1044 1728 μὲν
1074 1678 1166 1724 τοὺς
1195 1678 1291 1731 περὶ
1325 1678 1375 1716 τὰ
1402 1674 1661 1730 Ἱεροσόλυμα

975 1745 1127 1790 τόπους
1157 1744 1230 1797 (2).

1031 1812 1347 1861 συστησαμένους
1381 1808 1424 1848 δὲ
1458 1817 1537 1847 τῶν
1568 1806 1663 1847 Ἰου-

977 1874 1102 1914 δαίων
1115 1873 1238 1922 ἔθνος
1251 1874 1531 1929 παραδόσιμον
1548 1882 1664 1928 ποιῆ-

976 1954 1044 1979 σαι
1091 1940 1136 1979 τὸ
1178 1947 1296 1990 μῖσος
1337 1941 1382 1980 τὸ
1427 1941 1532 1994 πρὸς
1574 1942 1666 1988 τοὺς

978 2005 1227 2059 ἀνθρώπους
1257 2006 1327 2060 (6),
1368 2005 1437 2045 διὰ
1474 2014 1592 2046 τοῦτο
1623 2007 1666 2047 δὲ

976 2072 1042 2109 καὶ
1074 2072 1222 2120 νόμιμα
1242 2073 1454 2119 παντελῶς
1474 2071 1664 2124 ἐξηλλαγ-

975 2139 1076 2186 μένα
1096 2136 1158 2189 (5)
1179 2136 1425 2187 καταδεῖξαι,
1451 2136 1496 2177 τὸ
1526 2137 1663 2191 μηδενὶ

978 2202 1085 2253 ἄλλῳ
1106 2201 1221 2241 ἔθνει
1235 2203 1441 2256 τραπέζης
1460 2211 1663 2242 κοινωνεῖν

976 2265 1068 2320 μηδ’
1085 2268 1236 2307 εὐνοεῖν
1249 2268 1294 2308 τὸ
1311 2272 1511 2321 παράπαν
1527 2269 1588 2322 (7)
1607 2300 1613 2308 .
1631 2300 1639 2308 .
1656 2303 1663 2309 .

975 2330 1172 2382 Ἀντίοχος
1184 2335 1259 2387 γὰρ
1280 2334 1301 2374 ὃ
1318 2336 1665 2388 προςαγορευθεὶς

976 2395 1203 2451 Ἐπιφανὴς
1221 2401 1556 2452 καταπολεμήσας
1572 2400 1665 2446 τοὺς

976 2460 1199 2511 Ἰουδαίους
1212 2464 1398 2517 εἰσῆλθεν
1414 2465 1472 2511 εἰς
1486 2464 1554 2503 τὸν
1568 2464 1663 2503 ἄδι·-

311 2549 337 2589 1)
360 2547 461 2587 Quae
485 2549 581 2590 apud
605 2548 770 2582 Iustinum
794 2549 852 2583 iilo
876 2551 959 2584 Ioco
984 2552 1208 2593 praebentur,
1245 2560 1289 2585 ea
1323 2560 1394 2584 non
1419 2552 1533 2584 minus
1558 2560 1663 2593 quam

223 2602 372 2637 Diodori
396 2603 415 2636 I.
439 2603 475 2636 11.
499 2612 529 2637 c.
553 2603 597 2637 48
626 2604 661 2637 et
683 2603 768 2638 XIX.
794 2613 823 2639 c.
846 2604 891 2639 99
918 2614 964 2639 ex
988 2604 1185 2640 Posidonio
1216 2606 1428 2648 deprompta
1457 2614 1542 2640 esse
1573 2607 1664 2640 evici

220 2666 330 2699 supra
352 2667 432 2699 pag.
456 2658 596 2691 32-36,
