<?xml version="1.0" encoding="UTF-8"?>
<!DOCTYPE html PUBLIC "-//W3C//DTD XHTML 1.0 Transitional//EN"
    "http://www.w3.org/TR/xhtml1/DTD/xhtml1-transitional.dtd">
<html xmlns="http://www.w3.org/1999/xhtml" xml:lang="en" lang="en">
 <head>
  <title>
</title>
<meta http-equiv="Content-Type" content="text/html;charset=utf-8" />
  <meta name='ocr-system' content='tesseract 3.04.00' />
  <meta name='ocr-capabilities' content='ocr_page ocr_carea ocr_par ocr_line ocrx_word'/>
</head>
<body>
  <div class='ocr_page' id='page_1' title='image "4737250_0050.png"; bbox 0 0 1868 3093; ppageno 0'>
   <div class='ocr_carea' id='block_1_1' title="bbox 792 214 1062 253">
    <p class='ocr_par' dir='ltr' id='par_1_1' title="bbox 792 214 1062 253">
     <span class='ocr_line' id='line_1_1' title="bbox 792 214 1062 253; baseline 0 -12"><span class='ocrx_word' id='word_1_1' title='bbox 792 214 1062 253; x_wconf 74' lang='lat'><strong>-42-</strong></span> 
     </span>
    </p>
   </div>
   <div class='ocr_carea' id='block_1_2' title="bbox 196 319 1672 2729">
    <p class='ocr_par' dir='ltr' id='par_1_2' title="bbox 200 319 1649 1864">
     <span class='ocr_line' id='line_1_2' title="bbox 204 319 1648 374; baseline 0.002 -14"><span class='ocrx_word' id='word_1_2' title='bbox 204 319 391 361; x_wconf 92' lang='lat' dir='ltr'><strong>Servium</strong></span> <span class='ocrx_word' id='word_1_3' title='bbox 427 321 607 361; x_wconf 89' lang='lat' dir='ltr'><strong>Tullium</strong></span> <span class='ocrx_word' id='word_1_4' title='bbox 649 332 724 372; x_wconf 90' lang='lat' dir='ltr'><strong>per</strong></span> <span class='ocrx_word' id='word_1_5' title='bbox 759 324 952 373; x_wconf 91' lang='lat' dir='ltr'><strong>quattuor</strong></span> <span class='ocrx_word' id='word_1_6' title='bbox 986 324 1026 362; x_wconf 93' lang='lat' dir='ltr'><strong>et</strong></span> <span class='ocrx_word' id='word_1_7' title='bbox 1061 322 1334 374; x_wconf 88' lang='lat' dir='ltr'><strong>quadraginta</strong></span> <span class='ocrx_word' id='word_1_8' title='bbox 1368 333 1503 363; x_wconf 90' lang='lat' dir='ltr'><strong>annos</strong></span> <span class='ocrx_word' id='word_1_9' title='bbox 1542 324 1648 363; x_wconf 93' lang='lat' dir='ltr'><strong>bene</strong></span> 
     </span>
     <span class='ocr_line' id='line_1_3' title="bbox 203 387 1649 440; baseline 0.003 -15"><span class='ocrx_word' id='word_1_10' title='bbox 203 387 243 425; x_wconf 92' lang='lat' dir='ltr'><strong>et</strong></span> <span class='ocrx_word' id='word_1_11' title='bbox 278 387 491 427; x_wconf 92' lang='lat' dir='ltr'><strong>moderate</strong></span> <span class='ocrx_word' id='word_1_12' title='bbox 528 397 611 426; x_wconf 92' lang='lat' dir='ltr'><strong>rem</strong></span> <span class='ocrx_word' id='word_1_13' title='bbox 649 387 861 438; x_wconf 83' lang='lat' dir='ltr'>publicam</span> <span class='ocrx_word' id='word_1_14' title='bbox 899 388 1084 440; x_wconf 88' lang='lat' dir='ltr'><strong>regendo</strong></span> <span class='ocrx_word' id='word_1_15' title='bbox 1120 387 1316 428; x_wconf 92' lang='lat' dir='ltr'><strong>floruisse</strong></span> <span class='ocrx_word' id='word_1_16' title='bbox 1353 389 1649 439; x_wconf 89' lang='lat' dir='ltr'><strong>comperimus;</strong></span> 
     </span>
     <span class='ocr_line' id='line_1_4' title="bbox 202 450 1648 504; baseline 0.002 -13"><span class='ocrx_word' id='word_1_17' title='bbox 202 451 258 491; x_wconf 86' lang='lat' dir='ltr'><strong>M.</strong></span> <span class='ocrx_word' id='word_1_18' title='bbox 290 451 451 492; x_wconf 87' lang='lat' dir='ltr'><strong>Furium</strong></span> <span class='ocrx_word' id='word_1_19' title='bbox 485 450 715 501; x_wconf 91' lang='lat' dir='ltr'><strong>Camillum,</strong></span> <span class='ocrx_word' id='word_1_20' title='bbox 757 454 850 493; x_wconf 90' lang='lat' dir='ltr'><strong>ante</strong></span> <span class='ocrx_word' id='word_1_21' title='bbox 887 453 1064 502; x_wconf 91' lang='lat' dir='ltr'><strong>exilium,</strong></span> <span class='ocrx_word' id='word_1_22' title='bbox 1106 453 1146 493; x_wconf 94' lang='lat' dir='ltr'><strong>in</strong></span> <span class='ocrx_word' id='word_1_23' title='bbox 1177 453 1314 501; x_wconf 89' lang='lat' dir='ltr'><strong>exilio,</strong></span> <span class='ocrx_word' id='word_1_24' title='bbox 1354 455 1454 504; x_wconf 92' lang='lat' dir='ltr'><strong>post</strong></span> <span class='ocrx_word' id='word_1_25' title='bbox 1482 454 1648 494; x_wconf 91' lang='lat' dir='ltr'><strong>exilium</strong></span> 
     </span>
     <span class='ocr_line' id='line_1_5' title="bbox 203 518 1648 572; baseline 0.001 -16"><span class='ocrx_word' id='word_1_26' title='bbox 203 518 360 566; x_wconf 86' lang='lat' dir='ltr'>patriae</span> <span class='ocrx_word' id='word_1_27' title='bbox 403 518 650 566; x_wconf 87' lang='lat' dir='ltr'>subsidium,</span> <span class='ocrx_word' id='word_1_28' title='bbox 692 529 902 558; x_wconf 92' lang='lat' dir='ltr'><strong>reversum</strong></span> <span class='ocrx_word' id='word_1_29' title='bbox 945 519 1117 570; x_wconf 89' lang='lat' dir='ltr'><strong>patriam</strong></span> <span class='ocrx_word' id='word_1_30' title='bbox 1159 519 1390 559; x_wconf 85' lang='lat' dir='ltr'><strong>restituisse</strong></span> <span class='ocrx_word' id='word_1_31' title='bbox 1431 521 1471 559; x_wconf 91' lang='lat' dir='ltr'><strong>et</strong></span> <span class='ocrx_word' id='word_1_32' title='bbox 1505 519 1648 572; x_wconf 90' lang='lat' dir='ltr'><strong>viginti</strong></span> 
     </span>
     <span class='ocr_line' id='line_1_6' title="bbox 202 582 1648 637; baseline 0.002 -16"><span class='ocrx_word' id='word_1_33' title='bbox 202 582 387 632; x_wconf 90' lang='lat' dir='ltr'><strong>quinque</strong></span> <span class='ocrx_word' id='word_1_34' title='bbox 428 593 563 623; x_wconf 92' lang='lat' dir='ltr'><strong>annos</strong></span> <span class='ocrx_word' id='word_1_35' title='bbox 598 584 827 634; x_wconf 91' lang='lat' dir='ltr'><strong>praecipuo</strong></span> <span class='ocrx_word' id='word_1_36' title='bbox 864 584 1047 623; x_wconf 92' lang='lat' dir='ltr'><strong>habitum</strong></span> <span class='ocrx_word' id='word_1_37' title='bbox 1085 585 1243 623; x_wconf 87' lang='lat' dir='ltr'>honore</span> <span class='ocrx_word' id='word_1_38' title='bbox 1279 584 1436 624; x_wconf 90' lang='lat' dir='ltr'><strong>vixisse</strong></span> <span class='ocrx_word' id='word_1_39' title='bbox 1473 584 1648 637; x_wconf 91' lang='lat' dir='ltr'><strong>legimus</strong></span> 
     </span>
     <span class='ocr_line' id='line_1_7' title="bbox 202 646 1649 701; baseline 0.001 -14"><span class='ocrx_word' id='word_1_40' title='bbox 202 646 269 686; x_wconf 92' lang='lat' dir='ltr'><strong>VII</strong></span> <span class='ocrx_word' id='word_1_41' title='bbox 296 648 327 694; x_wconf 90' lang='lat'><strong>1,</strong></span> <span class='ocrx_word' id='word_1_42' title='bbox 348 647 390 696; x_wconf 90' lang='lat'><strong>8;</strong></span> <span class='ocrx_word' id='word_1_43' title='bbox 421 647 471 696; x_wconf 91' lang='lat' dir='ltr'><strong>Q.</strong></span> <span class='ocrx_word' id='word_1_44' title='bbox 493 648 664 688; x_wconf 87' lang='lat' dir='ltr'><strong>Fabium</strong></span> <span class='ocrx_word' id='word_1_45' title='bbox 689 648 928 697; x_wconf 88' lang='lat' dir='ltr'><strong>Maximum,</strong></span> <span class='ocrx_word' id='word_1_46' title='bbox 959 650 1029 700; x_wconf 92' lang='lat' dir='ltr'><strong>qui</strong></span> <span class='ocrx_word' id='word_1_47' title='bbox 1061 649 1169 688; x_wconf 91' lang='lat' dir='ltr'><strong>duos</strong></span> <span class='ocrx_word' id='word_1_48' title='bbox 1200 651 1240 688; x_wconf 91' lang='lat' dir='ltr'><strong>et</strong></span> <span class='ocrx_word' id='word_1_49' title='bbox 1269 650 1485 701; x_wconf 85' lang='lat' dir='ltr'><strong>sexaginta</strong></span> <span class='ocrx_word' id='word_1_50' title='bbox 1515 660 1649 689; x_wconf 90' lang='lat' dir='ltr'><strong>annos</strong></span> 
     </span>
     <span class='ocr_line' id='line_1_8' title="bbox 202 713 1647 765; baseline 0.002 -15"><span class='ocrx_word' id='word_1_51' title='bbox 202 715 404 763; x_wconf 91' lang='lat' dir='ltr'><strong>auguratu</strong></span> <span class='ocrx_word' id='word_1_52' title='bbox 434 713 555 753; x_wconf 88' lang='lat' dir='ltr'><strong>fuerit</strong></span> <span class='ocrx_word' id='word_1_53' title='bbox 581 714 806 764; x_wconf 89' lang='lat' dir='ltr'><strong>praeditus,</strong></span> <span class='ocrx_word' id='word_1_54' title='bbox 836 714 1087 764; x_wconf 90' lang='lat' dir='ltr'><strong>proeliorum</strong></span> <span class='ocrx_word' id='word_1_55' title='bbox 1109 714 1455 765; x_wconf 84' lang='lat' dir='ltr'><strong>victoriarumque</strong></span> <span class='ocrx_word' id='word_1_56' title='bbox 1477 723 1647 753; x_wconf 89' lang='lat' dir='ltr'><strong>numero</strong></span> 
     </span>
     <span class='ocr_line' id='line_1_9' title="bbox 203 779 1647 830; baseline 0.001 -14"><span class='ocrx_word' id='word_1_57' title='bbox 203 787 296 816; x_wconf 94' lang='lat' dir='ltr'><strong>cum</strong></span> <span class='ocrx_word' id='word_1_58' title='bbox 334 780 449 828; x_wconf 89' lang='lat' dir='ltr'><strong>patre</strong></span> <span class='ocrx_word' id='word_1_59' title='bbox 485 780 525 818; x_wconf 93' lang='lat' dir='ltr'><strong>et</strong></span> <span class='ocrx_word' id='word_1_60' title='bbox 559 789 639 818; x_wconf 92' lang='lat' dir='ltr'><strong>avo</strong></span> <span class='ocrx_word' id='word_1_61' title='bbox 673 780 727 819; x_wconf 89' lang='lat' dir='ltr'><strong>sit</strong></span> <span class='ocrx_word' id='word_1_62' title='bbox 756 780 1014 830; x_wconf 91' lang='lat' dir='ltr'><strong>aequandus,</strong></span> <span class='ocrx_word' id='word_1_63' title='bbox 1056 780 1292 819; x_wconf 92' lang='lat' dir='ltr'><strong>cunctando</strong></span> <span class='ocrx_word' id='word_1_64' title='bbox 1323 789 1406 818; x_wconf 92' lang='lat' dir='ltr'><strong>rem</strong></span> <span class='ocrx_word' id='word_1_65' title='bbox 1438 779 1647 829; x_wconf 87' lang='lat' dir='ltr'><strong>publicam</strong></span> 
     </span>
     <span class='ocr_line' id='line_1_10' title="bbox 203 843 1648 895; baseline 0.001 -14"><span class='ocrx_word' id='word_1_66' title='bbox 203 843 435 882; x_wconf 90' lang='lat' dir='ltr'><strong>restituisse</strong></span> <span class='ocrx_word' id='word_1_67' title='bbox 457 843 614 893; x_wconf 81' lang='lat' dir='ltr'><strong>profert</strong></span> <span class='ocrx_word' id='word_1_68' title='bbox 633 843 746 883; x_wconf 93' lang='lat' dir='ltr'><strong>XXX</strong></span> <span class='ocrx_word' id='word_1_69' title='bbox 764 844 829 892; x_wconf 90' lang='lat'><strong>26,</strong></span> <span class='ocrx_word' id='word_1_70' title='bbox 851 844 974 892; x_wconf 87' lang='lat'><strong>7—9;</strong></span> <span class='ocrx_word' id='word_1_71' title='bbox 1005 843 1047 883; x_wconf 88' lang='grc' dir='ltr'><strong>Ρ.</strong></span> <span class='ocrx_word' id='word_1_72' title='bbox 1070 843 1322 895; x_wconf 88' lang='lat' dir='ltr'><strong>Scipionem,</strong></span> <span class='ocrx_word' id='word_1_73' title='bbox 1344 844 1462 885; x_wconf 89' lang='lat' dir='ltr'><strong>cuius</strong></span> <span class='ocrx_word' id='word_1_74' title='bbox 1484 844 1648 884; x_wconf 90' lang='lat' dir='ltr'><strong>diversa</strong></span> 
     </span>
     <span class='ocr_line' id='line_1_11' title="bbox 201 907 1647 960; baseline 0.002 -14"><span class='ocrx_word' id='word_1_75' title='bbox 201 907 309 947; x_wconf 88' lang='lat' dir='ltr'><strong>vitae</strong></span> <span class='ocrx_word' id='word_1_76' title='bbox 351 908 486 959; x_wconf 90' lang='lat' dir='ltr'><strong>spatia</strong></span> <span class='ocrx_word' id='word_1_77' title='bbox 528 909 632 949; x_wconf 87' lang='lat' dir='ltr'><strong>inter</strong></span> <span class='ocrx_word' id='word_1_78' title='bbox 672 919 719 950; x_wconf 93' lang='lat' dir='ltr'><strong>se</strong></span> <span class='ocrx_word' id='word_1_79' title='bbox 761 912 985 960; x_wconf 88' lang='lat' dir='ltr'><strong>comparat,</strong></span> <span class='ocrx_word' id='word_1_80' title='bbox 1026 910 1292 960; x_wconf 89' lang='lat' dir='ltr'><strong>praecipuam</strong></span> <span class='ocrx_word' id='word_1_81' title='bbox 1335 910 1447 950; x_wconf 88' lang='lat' dir='ltr'><strong>bello</strong></span> <span class='ocrx_word' id='word_1_82' title='bbox 1490 908 1647 949; x_wconf 86' lang='lat' dir='ltr'><strong>Punico</strong></span> 
     </span>
     <span class='ocr_line' id='line_1_12' title="bbox 201 973 1646 1025; baseline 0.001 -14"><span class='ocrx_word' id='word_1_83' title='bbox 201 973 396 1012; x_wconf 89' lang='lat' dir='ltr'><strong>confecto</strong></span> <span class='ocrx_word' id='word_1_84' title='bbox 417 974 590 1025; x_wconf 90' lang='lat' dir='ltr'><strong>gloriam</strong></span> <span class='ocrx_word' id='word_1_85' title='bbox 611 974 758 1014; x_wconf 87' lang='lat' dir='ltr'><strong>tulisse</strong></span> <span class='ocrx_word' id='word_1_86' title='bbox 779 975 993 1025; x_wconf 91' lang='lat' dir='ltr'><strong>praedicat</strong></span> <span class='ocrx_word' id='word_1_87' title='bbox 1012 973 1210 1014; x_wconf 93' lang='lat' dir='ltr'>XXXVIII</span> <span class='ocrx_word' id='word_1_88' title='bbox 1223 975 1401 1022; x_wconf 87' lang='lat'><strong>53,9—1</strong></span> <span class='ocrx_word' id='word_1_89' title='bbox 1416 976 1446 1013; x_wconf 93' lang='lat' dir='ltr'><strong>l.</strong></span> <span class='ocrx_word' id='word_1_90' title='bbox 1477 975 1646 1014; x_wconf 89' lang='lat' dir='ltr'><strong>Maximi</strong></span> 
     </span>
     <span class='ocr_line' id='line_1_13' title="bbox 201 1039 1646 1090; baseline 0.001 -13"><span class='ocrx_word' id='word_1_91' title='bbox 201 1040 336 1078; x_wconf 91' lang='lat' dir='ltr'><strong>autem</strong></span> <span class='ocrx_word' id='word_1_92' title='bbox 374 1039 426 1078; x_wconf 91' lang='lat' dir='ltr'><strong>ad</strong></span> <span class='ocrx_word' id='word_1_93' title='bbox 464 1040 812 1079; x_wconf 88' lang='lat' dir='ltr'><strong>consuetudinem</strong></span> <span class='ocrx_word' id='word_1_94' title='bbox 848 1040 955 1079; x_wconf 88' lang='lat' dir='ltr'><strong>hanc</strong></span> <span class='ocrx_word' id='word_1_95' title='bbox 987 1039 1195 1078; x_wconf 90' lang='lat' dir='ltr'><strong>Livianam</strong></span> <span class='ocrx_word' id='word_1_96' title='bbox 1233 1039 1523 1090; x_wconf 86' lang='lat' dir='ltr'><strong>explicandam</strong></span> <span class='ocrx_word' id='word_1_97' title='bbox 1557 1051 1646 1079; x_wconf 92' lang='lat' dir='ltr'><strong>mo-</strong></span> 
     </span>
     <span class='ocr_line' id='line_1_14' title="bbox 202 1103 1641 1156; baseline 0.001 -14"><span class='ocrx_word' id='word_1_98' title='bbox 202 1104 326 1143; x_wconf 90' lang='lat' dir='ltr'><strong>menti</strong></span> <span class='ocrx_word' id='word_1_99' title='bbox 369 1115 418 1143; x_wconf 92' lang='lat' dir='ltr'><strong>ea</strong></span> <span class='ocrx_word' id='word_1_100' title='bbox 461 1107 566 1151; x_wconf 92' lang='lat' dir='ltr'><strong>sunt,</strong></span> <span class='ocrx_word' id='word_1_101' title='bbox 608 1114 715 1155; x_wconf 92' lang='lat' dir='ltr'><strong>quae</strong></span> <span class='ocrx_word' id='word_1_102' title='bbox 752 1104 804 1143; x_wconf 92' lang='lat' dir='ltr'><strong>de</strong></span> <span class='ocrx_word' id='word_1_103' title='bbox 841 1103 977 1144; x_wconf 85' lang='lat' dir='ltr'><strong>Attalo</strong></span> <span class='ocrx_word' id='word_1_104' title='bbox 1014 1113 1110 1156; x_wconf 88' lang='lat' dir='ltr'><strong>rege</strong></span> <span class='ocrx_word' id='word_1_105' title='bbox 1146 1106 1308 1144; x_wconf 92' lang='lat' dir='ltr'><strong>mortuo</strong></span> <span class='ocrx_word' id='word_1_106' title='bbox 1338 1103 1499 1144; x_wconf 87' lang='lat' dir='ltr'>XXXIII</span> <span class='ocrx_word' id='word_1_107' title='bbox 1528 1105 1592 1151; x_wconf 89' lang='lat'><strong>21,</strong></span> <span class='ocrx_word' id='word_1_108' title='bbox 1627 1105 1641 1143; x_wconf 91' lang='lat' dir='ltr'><strong>l</strong></span> 
     </span>
     <span class='ocr_line' id='line_1_15' title="bbox 202 1168 1645 1222; baseline 0.002 -15"><span class='ocrx_word' id='word_1_109' title='bbox 202 1169 401 1220; x_wconf 86' lang='lat' dir='ltr'><strong>leguntur.</strong></span> <span class='ocrx_word' id='word_1_110' title='bbox 451 1168 645 1221; x_wconf 89' lang='lat' dir='ltr'><strong>Sequitur</strong></span> <span class='ocrx_word' id='word_1_111' title='bbox 674 1171 782 1210; x_wconf 89' lang='lat' dir='ltr'><strong>enim</strong></span> <span class='ocrx_word' id='word_1_112' title='bbox 814 1171 894 1210; x_wconf 90' lang='lat' dir='ltr'><strong>hoc</strong></span> <span class='ocrx_word' id='word_1_113' title='bbox 925 1171 1020 1211; x_wconf 93' lang='lat' dir='ltr'><strong>loco</strong></span> <span class='ocrx_word' id='word_1_114' title='bbox 1051 1169 1270 1222; x_wconf 87' lang='lat' dir='ltr'><strong>Polybium</strong></span> <span class='ocrx_word' id='word_1_115' title='bbox 1301 1168 1441 1222; x_wconf 93' lang='lat' dir='ltr'>(XVIII</span> <span class='ocrx_word' id='word_1_116' title='bbox 1461 1169 1545 1222; x_wconf 87' lang='lat'><strong>41),</strong></span> <span class='ocrx_word' id='word_1_117' title='bbox 1577 1171 1645 1221; x_wconf 91' lang='lat' dir='ltr'><strong>qui</strong></span> 
     </span>
     <span class='ocr_line' id='line_1_16' title="bbox 202 1234 1646 1287; baseline 0.001 -14"><span class='ocrx_word' id='word_1_118' title='bbox 202 1235 255 1273; x_wconf 93' lang='lat' dir='ltr'><strong>de</strong></span> <span class='ocrx_word' id='word_1_119' title='bbox 287 1236 437 1274; x_wconf 91' lang='lat' dir='ltr'><strong>eodem</strong></span> <span class='ocrx_word' id='word_1_120' title='bbox 468 1237 556 1275; x_wconf 89' lang='lat' dir='ltr'><strong>viro</strong></span> <span class='ocrx_word' id='word_1_121' title='bbox 588 1238 749 1275; x_wconf 90' lang='lat' dir='ltr'><strong>mortuo</strong></span> <span class='ocrx_word' id='word_1_122' title='bbox 781 1236 962 1286; x_wconf 85' lang='lat' dir='ltr'><strong>exponit.</strong></span> <span class='ocrx_word' id='word_1_123' title='bbox 1012 1234 1095 1276; x_wconf 88' lang='lat' dir='ltr'><strong>Sed</strong></span> <span class='ocrx_word' id='word_1_124' title='bbox 1127 1236 1193 1275; x_wconf 90' lang='lat' dir='ltr'><strong>hic</strong></span> <span class='ocrx_word' id='word_1_125' title='bbox 1224 1236 1377 1287; x_wconf 89' lang='lat' dir='ltr'><strong>ingenii</strong></span> <span class='ocrx_word' id='word_1_126' title='bbox 1403 1246 1646 1286; x_wconf 91' lang='lat' dir='ltr'><strong>morumque</strong></span> 
     </span>
     <span class='ocr_line' id='line_1_17' title="bbox 201 1300 1646 1353; baseline 0.001 -14"><span class='ocrx_word' id='word_1_127' title='bbox 201 1300 292 1340; x_wconf 90' lang='lat' dir='ltr'><strong>eius</strong></span> <span class='ocrx_word' id='word_1_128' title='bbox 335 1301 556 1353; x_wconf 89' lang='lat' dir='ltr'><strong>imaginem</strong></span> <span class='ocrx_word' id='word_1_129' title='bbox 602 1301 800 1353; x_wconf 78' lang='lat' dir='ltr'><strong>effingere</strong></span> <span class='ocrx_word' id='word_1_130' title='bbox 845 1301 993 1348; x_wconf 90' lang='lat' dir='ltr'><strong>studet,</strong></span> <span class='ocrx_word' id='word_1_131' title='bbox 1040 1301 1119 1348; x_wconf 92' lang='lat' dir='ltr'><strong>ille,</strong></span> <span class='ocrx_word' id='word_1_132' title='bbox 1167 1311 1272 1351; x_wconf 89' lang='lat' dir='ltr'><strong>quas</strong></span> <span class='ocrx_word' id='word_1_133' title='bbox 1314 1311 1380 1341; x_wconf 91' lang='lat' dir='ltr'><strong>res</strong></span> <span class='ocrx_word' id='word_1_134' title='bbox 1422 1302 1461 1341; x_wconf 93' lang='lat' dir='ltr'><strong>in</strong></span> <span class='ocrx_word' id='word_1_135' title='bbox 1504 1301 1646 1352; x_wconf 91' lang='lat' dir='ltr'><strong>primis</strong></span> 
     </span>
     <span class='ocr_line' id='line_1_18' title="bbox 201 1365 1646 1418; baseline 0.001 -14"><span class='ocrx_word' id='word_1_136' title='bbox 201 1367 342 1404; x_wconf 88' lang='lat' dir='ltr'><strong>notatu</strong></span> <span class='ocrx_word' id='word_1_137' title='bbox 365 1366 515 1418; x_wconf 91' lang='lat' dir='ltr'><strong>dignas</strong></span> <span class='ocrx_word' id='word_1_138' title='bbox 533 1365 692 1406; x_wconf 87' lang='lat' dir='ltr'><strong>Attalus</strong></span> <span class='ocrx_word' id='word_1_139' title='bbox 714 1366 897 1417; x_wconf 86' lang='lat' dir='ltr'><strong>perfecit,</strong></span> <span class='ocrx_word' id='word_1_140' title='bbox 919 1367 970 1406; x_wconf 93' lang='lat' dir='ltr'><strong>iis</strong></span> <span class='ocrx_word' id='word_1_141' title='bbox 992 1367 1325 1406; x_wconf 90' lang='lat' dir='ltr'><strong>commemoratis</strong></span> <span class='ocrx_word' id='word_1_142' title='bbox 1348 1367 1447 1418; x_wconf 87' lang='lat' dir='ltr'><strong>regii</strong></span> <span class='ocrx_word' id='word_1_143' title='bbox 1466 1367 1646 1407; x_wconf 92' lang='lat' dir='ltr'><strong>nominis</strong></span> 
     </span>
     <span class='ocr_line' id='line_1_19' title="bbox 202 1431 1648 1483; baseline 0.001 -13"><span class='ocrx_word' id='word_1_144' title='bbox 202 1431 473 1482; x_wconf 85' lang='lat' dir='ltr'><strong>magnitudini</strong></span> <span class='ocrx_word' id='word_1_145' title='bbox 519 1443 686 1483; x_wconf 90' lang='lat' dir='ltr'><strong>semper</strong></span> <span class='ocrx_word' id='word_1_146' title='bbox 729 1433 908 1471; x_wconf 91' lang='lat' dir='ltr'><strong>animum</strong></span> <span class='ocrx_word' id='word_1_147' title='bbox 952 1443 1045 1472; x_wconf 91' lang='lat' dir='ltr'><strong>eum</strong></span> <span class='ocrx_word' id='word_1_148' title='bbox 1088 1433 1338 1483; x_wconf 90' lang='lat' dir='ltr'><strong>aequavisse</strong></span> <span class='ocrx_word' id='word_1_149' title='bbox 1381 1433 1481 1472; x_wconf 89' lang='lat' dir='ltr'><strong>satis</strong></span> <span class='ocrx_word' id='word_1_150' title='bbox 1524 1432 1648 1472; x_wconf 86' lang='lat' dir='ltr'><strong>habet</strong></span> 
     </span>
     <span class='ocr_line' id='line_1_20' title="bbox 201 1497 1645 1550; baseline 0.001 -14"><span class='ocrx_word' id='word_1_151' title='bbox 201 1497 460 1547; x_wconf 88' lang='lat' dir='ltr'><strong>praedicare:</strong></span> <span class='ocrx_word' id='word_1_152' title='bbox 502 1498 610 1537; x_wconf 88' lang='lat' dir='ltr'><strong>adeo</strong></span> <span class='ocrx_word' id='word_1_153' title='bbox 653 1498 751 1549; x_wconf 92' lang='lat' dir='ltr'><strong>quid</strong></span> <span class='ocrx_word' id='word_1_154' title='bbox 796 1498 848 1538; x_wconf 92' lang='lat' dir='ltr'><strong>de</strong></span> <span class='ocrx_word' id='word_1_155' title='bbox 889 1508 986 1550; x_wconf 88' lang='lat' dir='ltr'><strong>rege</strong></span> <span class='ocrx_word' id='word_1_156' title='bbox 1029 1498 1124 1549; x_wconf 91' lang='lat' dir='ltr'><strong>ipso</strong></span> <span class='ocrx_word' id='word_1_157' title='bbox 1166 1498 1433 1538; x_wconf 90' lang='lat' dir='ltr'><strong>iudicandum</strong></span> <span class='ocrx_word' id='word_1_158' title='bbox 1475 1498 1526 1538; x_wconf 93' lang='lat' dir='ltr'><strong>sit</strong></span> <span class='ocrx_word' id='word_1_159' title='bbox 1562 1509 1645 1538; x_wconf 94' lang='lat' dir='ltr'><strong>non</strong></span> 
     </span>
     <span class='ocr_line' id='line_1_21' title="bbox 201 1562 1645 1614; baseline 0.001 -13"><span class='ocrx_word' id='word_1_160' title='bbox 201 1563 336 1602; x_wconf 92' lang='lat' dir='ltr'><strong>docet.</strong></span> <span class='ocrx_word' id='word_1_161' title='bbox 376 1562 740 1602; x_wconf 86' lang='lat' dir='ltr'><strong>Annumerandum</strong></span> <span class='ocrx_word' id='word_1_162' title='bbox 773 1567 836 1603; x_wconf 91' lang='lat' dir='ltr'><strong>est</strong></span> <span class='ocrx_word' id='word_1_163' title='bbox 857 1565 922 1603; x_wconf 86' lang='lat' dir='ltr'><strong>his</strong></span> <span class='ocrx_word' id='word_1_164' title='bbox 945 1562 1162 1604; x_wconf 90' lang='lat' dir='ltr'><strong>Ciceronis</strong></span> <span class='ocrx_word' id='word_1_165' title='bbox 1184 1564 1283 1603; x_wconf 94' lang='lat' dir='ltr'><strong>illud</strong></span> <span class='ocrx_word' id='word_1_166' title='bbox 1306 1563 1499 1614; x_wconf 89' lang='lat' dir='ltr'><strong>elogium,</strong></span> <span class='ocrx_word' id='word_1_167' title='bbox 1530 1564 1645 1614; x_wconf 92' lang='lat' dir='ltr'><strong>quod</strong></span> 
     </span>
     <span class='ocr_line' id='line_1_22' title="bbox 201 1626 1646 1681; baseline 0.001 -15"><span class='ocrx_word' id='word_1_168' title='bbox 201 1639 252 1667; x_wconf 90' lang='lat' dir='ltr'><strong>ex</strong></span> <span class='ocrx_word' id='word_1_169' title='bbox 294 1628 410 1668; x_wconf 92' lang='lat' dir='ltr'><strong>libris</strong></span> <span class='ocrx_word' id='word_1_170' title='bbox 447 1628 627 1669; x_wconf 91' lang='lat' dir='ltr'><strong>Livianis</strong></span> <span class='ocrx_word' id='word_1_171' title='bbox 659 1628 820 1670; x_wconf 91' lang='lat' dir='ltr'><strong>Seneca</strong></span> <span class='ocrx_word' id='word_1_172' title='bbox 862 1630 1124 1680; x_wconf 91' lang='lat' dir='ltr'><strong>deprompsit</strong></span> <span class='ocrx_word' id='word_1_173' title='bbox 1159 1628 1278 1680; x_wconf 90' lang='lat' dir='ltr'><strong>(suas</strong></span> <span class='ocrx_word' id='word_1_174' title='bbox 1307 1629 1343 1676; x_wconf 88' lang='lat'><strong>6,</strong></span> <span class='ocrx_word' id='word_1_175' title='bbox 1373 1628 1456 1681; x_wconf 87' lang='lat'><strong>22).</strong></span> <span class='ocrx_word' id='word_1_176' title='bbox 1515 1626 1646 1669; x_wconf 92' lang='lat' dir='ltr'><strong>Cuius</strong></span> 
     </span>
     <span class='ocr_line' id='line_1_23' title="bbox 200 1694 1646 1744; baseline 0 -12"><span class='ocrx_word' id='word_1_177' title='bbox 200 1694 376 1733; x_wconf 91' lang='lat' dir='ltr'><strong>oratoris</strong></span> <span class='ocrx_word' id='word_1_178' title='bbox 413 1697 638 1744; x_wconf 87' lang='lat' dir='ltr'><strong>postquam</strong></span> <span class='ocrx_word' id='word_1_179' title='bbox 674 1695 771 1733; x_wconf 91' lang='lat' dir='ltr'><strong>vitia</strong></span> <span class='ocrx_word' id='word_1_180' title='bbox 807 1697 847 1733; x_wconf 89' lang='lat' dir='ltr'><strong>et</strong></span> <span class='ocrx_word' id='word_1_181' title='bbox 875 1695 1056 1742; x_wconf 91' lang='lat' dir='ltr'><strong>virtutes,</strong></span> <span class='ocrx_word' id='word_1_182' title='bbox 1097 1694 1300 1733; x_wconf 90' lang='lat' dir='ltr'><strong>fortunam</strong></span> <span class='ocrx_word' id='word_1_183' title='bbox 1331 1704 1576 1744; x_wconf 91' lang='lat' dir='ltr'><strong>prosperam</strong></span> <span class='ocrx_word' id='word_1_184' title='bbox 1607 1695 1646 1733; x_wconf 93' lang='lat' dir='ltr'><strong>et</strong></span> 
     </span>
     <span class='ocr_line' id='line_1_24' title="bbox 200 1759 1644 1811; baseline 0.001 -14"><span class='ocrx_word' id='word_1_185' title='bbox 200 1769 266 1798; x_wconf 92' lang='lat' dir='ltr'><strong>res</strong></span> <span class='ocrx_word' id='word_1_186' title='bbox 303 1759 504 1799; x_wconf 87' lang='lat' dir='ltr'><strong>adversas</strong></span> <span class='ocrx_word' id='word_1_187' title='bbox 541 1759 771 1810; x_wconf 89' lang='lat' dir='ltr'><strong>perpendit,</strong></span> <span class='ocrx_word' id='word_1_188' title='bbox 812 1761 983 1810; x_wconf 92' lang='lat' dir='ltr'><strong>propter</strong></span> <span class='ocrx_word' id='word_1_189' title='bbox 1018 1770 1146 1811; x_wconf 92' lang='lat' dir='ltr'><strong>opera</strong></span> <span class='ocrx_word' id='word_1_190' title='bbox 1176 1759 1420 1799; x_wconf 90' lang='lat' dir='ltr'><strong>immortalia</strong></span> <span class='ocrx_word' id='word_1_191' title='bbox 1451 1769 1644 1810; x_wconf 90' lang='lat' dir='ltr'><strong>magnum</strong></span> 
     </span>
     <span class='ocr_line' id='line_1_25' title="bbox 200 1825 1102 1864; baseline 0 0"><span class='ocrx_word' id='word_1_192' title='bbox 200 1827 239 1864; x_wconf 92' lang='lat' dir='ltr'><strong>et</strong></span> <span class='ocrx_word' id='word_1_193' title='bbox 269 1825 581 1864; x_wconf 92' lang='lat' dir='ltr'><strong>memorabilem</strong></span> <span class='ocrx_word' id='word_1_194' title='bbox 613 1836 706 1864; x_wconf 90' lang='lat' dir='ltr'><strong>eum</strong></span> <span class='ocrx_word' id='word_1_195' title='bbox 739 1825 876 1864; x_wconf 82' lang='lat' dir='ltr'><strong>LiVIus</strong></span> <span class='ocrx_word' id='word_1_196' title='bbox 908 1826 1102 1864; x_wconf 90' lang='lat' dir='ltr'><strong>nominat.</strong></span> 
     </span>
    </p>

    <p class='ocr_par' dir='ltr' id='par_1_3' title="bbox 196 1888 1672 2729">
     <span class='ocr_line' id='line_1_26' title="bbox 311 1888 1645 1943; baseline 0 -13"><span class='ocrx_word' id='word_1_197' title='bbox 311 1888 506 1930; x_wconf 92' lang='lat' dir='ltr'><strong>Omnium</strong></span> <span class='ocrx_word' id='word_1_198' title='bbox 538 1891 659 1942; x_wconf 88' lang='lat' dir='ltr'><strong>igitur</strong></span> <span class='ocrx_word' id='word_1_199' title='bbox 680 1890 780 1930; x_wconf 91' lang='lat' dir='ltr'><strong>Livii</strong></span> <span class='ocrx_word' id='word_1_200' title='bbox 812 1891 1043 1943; x_wconf 89' lang='lat' dir='ltr'><strong>elogiorum</strong></span> <span class='ocrx_word' id='word_1_201' title='bbox 1075 1891 1116 1930; x_wconf 90' lang='lat' dir='ltr'><strong>id</strong></span> <span class='ocrx_word' id='word_1_202' title='bbox 1147 1891 1360 1942; x_wconf 91' lang='lat' dir='ltr'><strong>proprium</strong></span> <span class='ocrx_word' id='word_1_203' title='bbox 1391 1900 1487 1931; x_wconf 90' lang='lat' dir='ltr'><strong>esse</strong></span> <span class='ocrx_word' id='word_1_204' title='bbox 1514 1891 1645 1938; x_wconf 90' lang='lat' dir='ltr'><strong>vides,</strong></span> 
     </span>
     <span class='ocr_line' id='line_1_27' title="bbox 200 1956 1645 2008; baseline 0 -12"><span class='ocrx_word' id='word_1_205' title='bbox 200 1958 241 1996; x_wconf 95' lang='lat' dir='ltr'><strong>ut</strong></span> <span class='ocrx_word' id='word_1_206' title='bbox 283 1958 393 1996; x_wconf 91' lang='lat' dir='ltr'><strong>certa</strong></span> <span class='ocrx_word' id='word_1_207' title='bbox 434 1957 640 2007; x_wconf 88' lang='lat' dir='ltr'><strong>quaedam</strong></span> <span class='ocrx_word' id='word_1_208' title='bbox 681 1959 880 2008; x_wconf 91' lang='lat' dir='ltr'><strong>tempora,</strong></span> <span class='ocrx_word' id='word_1_209' title='bbox 923 1957 992 2008; x_wconf 93' lang='lat' dir='ltr'><strong>qui</strong></span> <span class='ocrx_word' id='word_1_210' title='bbox 1035 1957 1203 1996; x_wconf 87' lang='lat' dir='ltr'><strong>maioris</strong></span> <span class='ocrx_word' id='word_1_211' title='bbox 1238 1956 1400 1996; x_wconf 90' lang='lat' dir='ltr'><strong>fuerunt</strong></span> <span class='ocrx_word' id='word_1_212' title='bbox 1438 1957 1645 2005; x_wconf 76' lang='lat' dir='ltr'><strong>momenti,</strong></span> 
     </span>
     <span class='ocr_line' id='line_1_28' title="bbox 199 2021 1643 2077; baseline 0 -16"><span class='ocrx_word' id='word_1_213' title='bbox 199 2021 421 2061; x_wconf 90' lang='lat' dir='ltr'><strong>afferantur</strong></span> <span class='ocrx_word' id='word_1_214' title='bbox 462 2033 654 2073; x_wconf 88' lang='lat' dir='ltr'><strong>quaeque</strong></span> <span class='ocrx_word' id='word_1_215' title='bbox 696 2023 734 2061; x_wconf 93' lang='lat' dir='ltr'><strong>in</strong></span> <span class='ocrx_word' id='word_1_216' title='bbox 780 2023 830 2063; x_wconf 90' lang='lat' dir='ltr'><strong>iis</strong></span> <span class='ocrx_word' id='word_1_217' title='bbox 867 2024 1010 2077; x_wconf 81' lang='lat' dir='ltr'><strong>gestae</strong></span> <span class='ocrx_word' id='word_1_218' title='bbox 1046 2023 1128 2062; x_wconf 90' lang='lat' dir='ltr'><strong>sint</strong></span> <span class='ocrx_word' id='word_1_219' title='bbox 1164 2032 1229 2062; x_wconf 91' lang='lat' dir='ltr'><strong>res</strong></span> <span class='ocrx_word' id='word_1_220' title='bbox 1261 2032 1447 2062; x_wconf 89' lang='lat' dir='ltr'><strong>summae</strong></span> <span class='ocrx_word' id='word_1_221' title='bbox 1478 2022 1643 2073; x_wconf 89' lang='lat' dir='ltr'><strong>praedi-</strong></span> 
     </span>
     <span class='ocr_line' id='line_1_29' title="bbox 201 2078 1644 2137; baseline 0 -11"><span class='ocrx_word' id='word_1_222' title='bbox 201 2090 353 2127; x_wconf 92' lang='lat' dir='ltr'><strong>centur.</strong></span> <span class='ocrx_word' id='word_1_223' title='bbox 412 2086 551 2134; x_wconf 89' lang='lat' dir='ltr'><strong>Quare</strong></span> <span class='ocrx_word' id='word_1_224' title='bbox 587 2098 664 2128; x_wconf 92' lang='lat' dir='ltr'><strong>nec</strong></span> <span class='ocrx_word' id='word_1_225' title='bbox 701 2078 963 2129; x_wconf 82' lang='lat' dir='ltr'><strong>laudationes</strong></span> <span class='ocrx_word' id='word_1_226' title='bbox 1005 2099 1082 2128; x_wconf 93' lang='lat' dir='ltr'><strong>nec</strong></span> <span class='ocrx_word' id='word_1_227' title='bbox 1124 2099 1283 2128; x_wconf 92' lang='lat' dir='ltr'><strong>morum</strong></span> <span class='ocrx_word' id='word_1_228' title='bbox 1326 2088 1644 2137; x_wconf 89' lang='lat' dir='ltr'><strong>descriptiones,</strong></span> 
     </span>
     <span class='ocr_line' id='line_1_30' title="bbox 200 2150 1643 2202; baseline 0 -10"><span class='ocrx_word' id='word_1_229' title='bbox 200 2153 326 2192; x_wconf 93' lang='lat' dir='ltr'><strong>immo</strong></span> <span class='ocrx_word' id='word_1_230' title='bbox 387 2162 487 2192; x_wconf 89' lang='lat' dir='ltr'><strong>vero</strong></span> <span class='ocrx_word' id='word_1_231' title='bbox 542 2153 913 2192; x_wconf 67' lang='lat' dir='ltr'><strong>consummationes</strong></span> <span class='ocrx_word' id='word_1_232' title='bbox 975 2154 1099 2192; x_wconf 83' lang='lat' dir='ltr'><strong>totius</strong></span> <span class='ocrx_word' id='word_1_233' title='bbox 1157 2153 1263 2192; x_wconf 84' lang='lat' dir='ltr'><strong>vitae</strong></span> <span class='ocrx_word' id='word_1_234' title='bbox 1322 2163 1428 2202; x_wconf 92' lang='lat' dir='ltr'><strong>quas</strong></span> <span class='ocrx_word' id='word_1_235' title='bbox 1482 2150 1643 2192; x_wconf 91' lang='lat' dir='ltr'><strong>Seneca</strong></span> 
     </span>
     <span class='ocr_line' id='line_1_31' title="bbox 199 2217 1643 2269; baseline -0.001 -11"><span class='ocrx_word' id='word_1_236' title='bbox 199 2228 311 2259; x_wconf 92' lang='lat' dir='ltr'><strong>suas.</strong></span> <span class='ocrx_word' id='word_1_237' title='bbox 369 2217 406 2266; x_wconf 92' lang='lat'><strong>6,</strong></span> <span class='ocrx_word' id='word_1_238' title='bbox 441 2218 487 2257; x_wconf 89' lang='lat'><strong>21</strong></span> <span class='ocrx_word' id='word_1_239' title='bbox 536 2219 660 2258; x_wconf 90' lang='lat' dir='ltr'><strong>vocat</strong></span> <span class='ocrx_word' id='word_1_240' title='bbox 700 2228 749 2258; x_wconf 91' lang='lat' dir='ltr'><strong>ea</strong></span> <span class='ocrx_word' id='word_1_241' title='bbox 790 2218 1066 2258; x_wconf 89' lang='lat' dir='ltr'><strong>existimanda</strong></span> <span class='ocrx_word' id='word_1_242' title='bbox 1101 2227 1198 2258; x_wconf 90' lang='lat' dir='ltr'><strong>esse</strong></span> <span class='ocrx_word' id='word_1_243' title='bbox 1228 2218 1483 2269; x_wconf 89' lang='lat' dir='ltr'><strong>intellegitur.</strong></span> <span class='ocrx_word' id='word_1_244' title='bbox 1541 2217 1643 2257; x_wconf 92' lang='lat' dir='ltr'><strong>Nam</strong></span> 
     </span>
     <span class='ocr_line' id='line_1_32' title="bbox 199 2283 1646 2336; baseline -0.001 -13"><span class='ocrx_word' id='word_1_245' title='bbox 199 2295 291 2323; x_wconf 92' lang='lat' dir='ltr'><strong>cum</strong></span> <span class='ocrx_word' id='word_1_246' title='bbox 322 2285 502 2323; x_wconf 93' lang='lat' dir='ltr'><strong>virorum</strong></span> <span class='ocrx_word' id='word_1_247' title='bbox 533 2294 600 2324; x_wconf 91' lang='lat' dir='ltr'><strong>res</strong></span> <span class='ocrx_word' id='word_1_248' title='bbox 631 2285 774 2336; x_wconf 90' lang='lat' dir='ltr'><strong>gestas</strong></span> <span class='ocrx_word' id='word_1_249' title='bbox 804 2285 844 2323; x_wconf 93' lang='lat' dir='ltr'><strong>in</strong></span> <span class='ocrx_word' id='word_1_250' title='bbox 876 2283 1019 2334; x_wconf 89' lang='lat' dir='ltr'><strong>primis</strong></span> <span class='ocrx_word' id='word_1_251' title='bbox 1045 2284 1271 2323; x_wconf 90' lang='lat' dir='ltr'><strong>memoratu</strong></span> <span class='ocrx_word' id='word_1_252' title='bbox 1298 2283 1448 2334; x_wconf 88' lang='lat' dir='ltr'><strong>dignas</strong></span> <span class='ocrx_word' id='word_1_253' title='bbox 1469 2283 1646 2323; x_wconf 90' lang='lat' dir='ltr'><strong>breviter</strong></span> 
     </span>
     <span class='ocr_line' id='line_1_33' title="bbox 199 2349 1672 2402; baseline 0 -13"><span class='ocrx_word' id='word_1_254' title='bbox 199 2350 525 2400; x_wconf 88' lang='lat' dir='ltr'><strong>comprehendit,</strong></span> <span class='ocrx_word' id='word_1_255' title='bbox 571 2349 668 2389; x_wconf 86' lang='lat' dir='ltr'><strong>nihil</strong></span> <span class='ocrx_word' id='word_1_256' title='bbox 713 2349 851 2389; x_wconf 90' lang='lat' dir='ltr'><strong>Livius</strong></span> <span class='ocrx_word' id='word_1_257' title='bbox 895 2349 980 2402; x_wconf 90' lang='lat' dir='ltr'><strong>agit</strong></span> <span class='ocrx_word' id='word_1_258' title='bbox 1022 2349 1101 2389; x_wconf 93' lang='lat' dir='ltr'><strong>nisi</strong></span> <span class='ocrx_word' id='word_1_259' title='bbox 1144 2350 1187 2388; x_wconf 91' lang='lat' dir='ltr'><strong>ut</strong></span> <span class='ocrx_word' id='word_1_260' title='bbox 1226 2349 1308 2389; x_wconf 90' lang='lat' dir='ltr'><strong>vita</strong></span> <span class='ocrx_word' id='word_1_261' title='bbox 1349 2359 1490 2389; x_wconf 82' lang='lat' dir='ltr'><strong>eorum</strong></span> <span class='ocrx_word' id='word_1_262' title='bbox 1533 2357 1672 2389; x_wconf 70' lang='lat' dir='ltr'><strong>nunc⁴</strong></span> 
     </span>
     <span class='ocr_line' id='line_1_34' title="bbox 198 2413 1645 2466; baseline -0.001 -12"><span class='ocrx_word' id='word_1_263' title='bbox 198 2418 366 2466; x_wconf 89' lang='lat' dir='ltr'><strong>peracta</strong></span> <span class='ocrx_word' id='word_1_264' title='bbox 397 2416 537 2465; x_wconf 91' lang='lat' dir='ltr'><strong>quanti</strong></span> <span class='ocrx_word' id='word_1_265' title='bbox 569 2416 827 2455; x_wconf 91' lang='lat' dir='ltr'><strong>aestimanda</strong></span> <span class='ocrx_word' id='word_1_266' title='bbox 857 2416 910 2455; x_wconf 92' lang='lat' dir='ltr'><strong>sit</strong></span> <span class='ocrx_word' id='word_1_267' title='bbox 940 2415 1101 2455; x_wconf 89' lang='lat' dir='ltr'><strong>doceat.</strong></span> <span class='ocrx_word' id='word_1_268' title='bbox 1151 2413 1278 2462; x_wconf 89' lang='lat' dir='ltr'><strong>Quod</strong></span> <span class='ocrx_word' id='word_1_269' title='bbox 1304 2415 1480 2454; x_wconf 90' lang='lat' dir='ltr'><strong>dubitari</strong></span> <span class='ocrx_word' id='word_1_270' title='bbox 1503 2415 1645 2465; x_wconf 94' lang='lat' dir='ltr'><strong>nequit</strong></span> 
     </span>
     <span class='ocr_line' id='line_1_35' title="bbox 198 2480 1642 2531; baseline -0.001 -11"><span class='ocrx_word' id='word_1_271' title='bbox 198 2481 297 2531; x_wconf 91' lang='lat' dir='ltr'><strong>quin</strong></span> <span class='ocrx_word' id='word_1_272' title='bbox 333 2481 456 2520; x_wconf 84' lang='lat' dir='ltr'><strong>faciat</strong></span> <span class='ocrx_word' id='word_1_273' title='bbox 491 2481 699 2520; x_wconf 91' lang='lat' dir='ltr'><strong>annalium</strong></span> <span class='ocrx_word' id='word_1_274' title='bbox 736 2481 983 2531; x_wconf 89' lang='lat' dir='ltr'><strong>scriptorum</strong></span> <span class='ocrx_word' id='word_1_275' title='bbox 1015 2491 1139 2528; x_wconf 93' lang='lat' dir='ltr'><strong>more,</strong></span> <span class='ocrx_word' id='word_1_276' title='bbox 1182 2480 1301 2520; x_wconf 90' lang='lat' dir='ltr'><strong>cuius</strong></span> <span class='ocrx_word' id='word_1_277' title='bbox 1331 2480 1463 2531; x_wconf 91' lang='lat' dir='ltr'><strong>prima</strong></span> <span class='ocrx_word' id='word_1_278' title='bbox 1493 2480 1642 2531; x_wconf 91' lang='lat' dir='ltr'><strong>depre-</strong></span> 
     </span>
     <span class='ocr_line' id='line_1_36' title="bbox 198 2543 1642 2598; baseline -0.001 -12"><span class='ocrx_word' id='word_1_279' title='bbox 198 2546 420 2587; x_wconf 88' lang='lat' dir='ltr'><strong>hendimus</strong></span> <span class='ocrx_word' id='word_1_280' title='bbox 441 2547 617 2598; x_wconf 91' lang='lat' dir='ltr'><strong>vestigia</strong></span> <span class='ocrx_word' id='word_1_281' title='bbox 637 2547 749 2597; x_wconf 91' lang='lat' dir='ltr'><strong>apud</strong></span> <span class='ocrx_word' id='word_1_282' title='bbox 771 2546 1071 2597; x_wconf 89' lang='lat' dir='ltr'><strong>Thucydidem,</strong></span> <span class='ocrx_word' id='word_1_283' title='bbox 1103 2547 1172 2597; x_wconf 92' lang='lat' dir='ltr'><strong>qui</strong></span> <span class='ocrx_word' id='word_1_284' title='bbox 1195 2548 1419 2596; x_wconf 88' lang='lat' dir='ltr'><strong>postquam</strong></span> <span class='ocrx_word' id='word_1_285' title='bbox 1442 2543 1642 2585; x_wconf 87' lang='lat' dir='ltr'><strong>Cleonem</strong></span> 
     </span>
     <span class='ocr_line' id='line_1_37' title="bbox 197 2610 1642 2663; baseline -0.001 -12"><span class='ocrx_word' id='word_1_286' title='bbox 197 2614 237 2652; x_wconf 92' lang='lat' dir='ltr'><strong>et</strong></span> <span class='ocrx_word' id='word_1_287' title='bbox 266 2611 484 2652; x_wconf 89' lang='lat' dir='ltr'><strong>Brasidam</strong></span> <span class='ocrx_word' id='word_1_288' title='bbox 526 2614 712 2652; x_wconf 91' lang='lat' dir='ltr'><strong>mortuos</strong></span> <span class='ocrx_word' id='word_1_289' title='bbox 754 2611 902 2652; x_wconf 88' lang='lat' dir='ltr'><strong>rettulit</strong></span> <span class='ocrx_word' id='word_1_290' title='bbox 944 2610 996 2663; x_wconf 97' lang='lat' dir='ltr'><strong>(V</strong></span> <span class='ocrx_word' id='word_1_291' title='bbox 1031 2610 1109 2663; x_wconf 90' lang='lat'><strong>16),</strong></span> <span class='ocrx_word' id='word_1_292' title='bbox 1149 2612 1232 2651; x_wconf 91' lang='lat' dir='ltr'><strong>vita</strong></span> <span class='ocrx_word' id='word_1_293' title='bbox 1267 2621 1408 2651; x_wconf 90' lang='lat' dir='ltr'><strong>eorum</strong></span> <span class='ocrx_word' id='word_1_294' title='bbox 1446 2613 1642 2661; x_wconf 89' lang='lat' dir='ltr'><strong>quantum</strong></span> 
     </span>
     <span class='ocr_line' id='line_1_38' title="bbox 196 2678 756 2729; baseline -0.004 -10"><span class='ocrx_word' id='word_1_295' title='bbox 196 2679 369 2719; x_wconf 89' lang='lat' dir='ltr'><strong>valuerit</strong></span> <span class='ocrx_word' id='word_1_296' title='bbox 399 2678 546 2729; x_wconf 89' lang='lat' dir='ltr'><strong>paucis</strong></span> <span class='ocrx_word' id='word_1_297' title='bbox 577 2679 756 2718; x_wconf 89' lang='lat' dir='ltr'><strong>adnotat.</strong></span> 
     </span>
    </p>
   </div>
  </div>
 </body>
</html>
