1868 3093
766 110 1026 151 -51-

239 215 276 263 3,
307 217 342 256 1:
383 216 525 257 Fuisse
565 218 680 268 apud
722 229 793 258 eos
833 221 873 259 et

185 281 400 320 Herculem
420 284 650 321 memorant
668 312 676 320 .
702 313 710 320 .
732 313 740 321 .
767 283 805 328 3,
824 284 870 323 9:

186 348 360 386 ceterum
376 348 418 385 et
432 344 575 386 Ulixen
592 346 760 397 quidam
780 348 869 398 opi-

187 414 338 451 nantur
367 442 374 451 .
395 441 403 449 .
425 441 432 448 .

187 479 329 517 terras.

240 542 277 590 3,
293 542 335 582 3:
364 541 550 583 Ceterum
567 546 608 583 et
621 543 764 584 Ulixen
780 543 870 593 qui-

188 607 284 646 dam
314 608 537 657 opinantur
575 608 697 659 longo
736 608 806 648 illo
835 610 874 648 et

179 671 379 724 fabuloso
399 684 538 714 errore
557 674 597 713 in
612 674 718 714 hunc
736 672 871 716 Ocea-

187 749 281 778 num
311 739 490 779 delatum
526 739 667 780 adisse
696 737 871 780 Germa-

186 804 280 843 niae
315 806 458 852 terras,
498 803 871 855 Asciburgiumque,

186 868 300 918 quod
344 869 385 908 in
433 869 525 919 ripa
572 867 704 911 Rheni
750 869 871 909 situm

185 932 387 984 hodieque
440 934 637 980 incolitur,
691 934 745 974 ab
802 934 870 974 illo

186 999 445 1040 constitutum
515 999 846 1052 nominatumque
856 1013 872 1048 ,-

186 1074 304 1104 aram
334 1066 430 1115 quin
472 1066 593 1105 etiam
624 1066 735 1106 Ulixi
771 1076 869 1106 con-

463 411 604 451 adisse
624 410 873 452 Germaniae

991 218 1025 259 V
1048 219 1112 268 21,
1132 219 1173 259 2:
1204 217 1294 257 οὔτε
1323 218 1399 269 γὰρ
1431 217 1622 256 Διόνυσον

938 280 1031 321 οὗθ’
1069 280 1270 334 <Ηρακλέα
1312 283 1622 335 παρειλήφαμεν

938 344 1027 386 οὔτε
1067 355 1146 387 τῶν
1189 347 1321 387 ἀλλων
1355 346 1497 402 ἡρώων
1531 347 1623 386 τινὰ

940 411 1242 464 ἐστρατευμένον
1272 411 1338 452 ἐπ’
1369 414 1500 465 αὐτήν.

993 542 1027 582 V
1062 544 1119 590 15,
1144 545 1170 582 2
1200 544 1271 594 (de
1296 543 1518 596 Sardinia):
1546 541 1621 582 'Io'-

939 607 1036 653 λαος
1065 605 1085 644 ὁ
1116 606 1356 659 ἀδελφιδοῦς
1382 605 1623 660 (Ηρακλέους

938 673 1258 723 καταλαβόμενος
1287 674 1425 723 ᾤκισεν
1455 672 1495 711 ἐν
1525 674 1619 724 αὐτῇ

939 738 1081 785 πόλεις
1109 737 1354 789 ἀξιολόγους,
1386 768 1393 776 .
1421 771 1428 778 .
1452 769 1460 776 .

939 805 1078 841 κεύασε
1123 802 1164 841 δὲ
1209 803 1275 840 καὶ
1321 804 1516 853 γυμνάσια
1558 804 1622 841 καὶ

939 871 1051 907 θεῶν
1081 868 1197 914 ναοὺς
1218 868 1285 906 καὶ
1305 865 1340 906 τ’
1361 864 1463 906 ἄλλα
1492 870 1625 906 πάντα

1489 752 1623 776 nauo-

1018 965 1042 979 „
1091 931 1146 971 ὧν
1194 932 1463 985 ὑπομνήματα
1509 936 1626 983 μέχρι

939 998 1063 1038 τῶνδε
1087 1006 1167 1038 τῶν
1186 1006 1336 1052 καιρῶν
1358 998 1545 1049 διαμένει·
1577 999 1627 1037 τὰ

937 1065 1009 1114 μὲν
1049 1066 1124 1116 γὰρ
1165 1066 1356 1104 κάλλιστα
1397 1064 1520 1103 πεδία
1556 1064 1627 1115 τὴν

184 1132 389 1169 sectatam
411 1159 418 1167 .
440 1161 448 1169 .
469 1161 477 1169 .
498 1130 640 1170 eodem
660 1131 750 1171 loco
774 1131 869 1171 olim
938 1132 1210 1182 προςηγορίαν
1251 1128 1325 1167 ἀπ’
1367 1128 1517 1168 ἐκείνου
1560 1129 1627 1167 λα-

185 1197 398 1244 repertam,
445 1199 785 1247 monumentaque
832 1199 874 1236 et

185 1259 360 1299 tumulos
427 1261 630 1310 quosdam
698 1260 871 1301 Graecis

184 1324 328 1364 litteris
367 1326 584 1377 inscriptos
735 1327 871 1368 adhuc

186 1393 356 1431 exstare.

245 1455 303 1503 16,
323 1455 365 1495 4:
406 1454 550 1497 Solent
588 1461 628 1498 et
658 1457 868 1498 subterra-
904 1497 905 1511 ¹

186 1531 285 1560 neos
327 1532 495 1572 specus-
517 1524 678 1573 aperire
721 1534 871 1574 eosque

185 1586 310 1626 multo
344 1587 512 1637 insuper
542 1586 648 1638 fimo
689 1592 870 1635 onerant,

184 1649 409 1702 suffugium
437 1652 581 1692 hiemis
619 1656 660 1693 et
685 1657 870 1704 recepta-

185 1717 317 1756 culum
339 1714 543 1767 frugibus,
567 1719 666 1768 quia
695 1718 870 1770 rigorem

176 1780 382 1833 frigorum
403 1783 489 1822 eius
508 1784 624 1823 modi
640 1784 722 1824 loci
737 1785 870 1825 molli-

184 1850 265 1893 unt,
294 1850 335 1887 et
359 1848 400 1887 si
426 1849 594 1898 quando
623 1849 754 1889 hostis
792 1851 869 1889 ad-

185 1913 298 1958 venit,
328 1943 337 1951 .
358 1944 366 1951 .
387 1944 395 1952 .

244 2042 302 2089 19,
322 2043 364 2081 5:
387 2042 565 2093 plusque
588 2042 648 2082 ibi
665 2043 764 2083 boni
779 2055 867 2083 mo-

186 2118 252 2147 res
282 2107 419 2148 valent
444 2118 568 2159 quam
608 2108 710 2148 alibi
735 2108 869 2149 bonae

184 2173 304 2223 leges.

237 2368 304 2417 26,
341 2370 378 2409 1:
417 2370 550 2410 Fenus
590 2370 750 2422 agitare
785 2403 793 2410 .
824 2402 831 2410 .
862 2402 869 2410 .

184 2433 386 2483 ignotam,-
414 2436 588 2486 ialeoqne
620 2437 753 2487 magis
781 2447 869 2476 ser-

185 2498 305 2539 vatur
332 2511 456 2551 quam
495 2501 535 2540 si
564 2501 723 2541 vetitum
753 2504 869 2541 esset.

936 1196 1058 1245 βόντα
1087 1195 1246 1235 Ιολάεια
1276 1195 1468 1244 καλεῖται,
1504 1194 1548 1233 τὸ
1585 1194 1628 1232 δὲ·

939 1261 1103 1312 πλῆθος
1130 1263 1246 1311 μέχρι
1276 1267 1346 1298 τοῦ
1381 1267 1447 1298 νῦν
1478 1260 1627 1311 φυλάτ-

940 1340 998 1365 τει
1041 1326 1112 1378 τὴν
1161 1323 1235 1364 ἀπ’
1279 1324 1434 1365 Ἰολάου
1478 1338 1626 1378 προςη-

939 1395 1090 1443 γορίαν.

994 1458 1028 1498 V
1053 1459 1111 1506 17,
1131 1459 1157 1497 3
1178 1456 1250 1510 (de
1267 1455 1549 1509 Balearibus):
1571 1454 1627 1494 oi—

939 1530 1050 1561 κοῦσι
1080 1520 1199 1560 ‹wari›
1240 1529 1330 1568 ταῖς
1368 1522 1523 1560 κοιλάσι
1557 1524 1627 1559 πέ-

940 1602 1065 1639 τραις,
1096 1588 1163 1625 καὶ
1184 1588 1299 1639 παρὰ
1319 1587 1413 1633 τοὺς
1431 1586 1629 1639 κρημνοὺς

941 1652 1144 1704 ὀρύγματα
1171 1651 1532 1699 κατασκευάζοντες
1560 1652 1627 1689 καὶ

939 1718 1122 1757 καθόλου
1151 1718 1328 1764 πολλοὺς
1347 1718 1499 1763 τόπους
1528 1715 1627 1754 ὓπο-

940 1785 1085 1833 νόμους
1127 1790 1339 1829 ποιοῦντες
1387 1782 1426 1821 ἐν
1471 1784 1628 1828 τούτοις

938 1851 1102 1898 βιοῦσιν,
1152 1845 1235 1897 ἅμα
1282 1848 1351 1899 τὴν
1401 1847 1444 1896 ἐξ
1494 1847 1624 1885 αὐτῶν

938 1916 1087 1964 σκέπην
1128 1913 1193 1950 καὶ
1236 1913 1457 1962 ἀσφάλειαν
1488 1914 1624 1963 θηρώ-

936 1991 1060 2026 μενοι.

992 2042 1085 2082 lust.
1107 2042 1147 2090 11,
1168 2042 1197 2081 11
1223 2044 1288 2081 14:
1308 2043 1385 2082 lzoc
1401 2043 1481 2081 illis
1501 2045 1623 2081 natu-

937 2118 1027 2147 ram
1049 2108 1161 2156 dare‚
1191 2107 1305 2158 quod
1324 2105 1478 2148 Graeci
1498 2107 1623 2157 longa

937 2174 1182 2223 sapientium
1208 2173 1395 2212 doctrina
1421 2183 1624 2223 praecep-

939 2239 1071 2289 tisque
1106 2238 1444 2289 philosophorum
1480 2247 1623 2276 conse-

938 2305 1011 2355 qui
1037 2306 1248 2355 nequeunt.

994 2369 1087 2410 lust.
1109 2368 1149 2417 11,
1174 2368 1203 2408 11
1229 2369 1292 2409 15:
1321 2369 1450 2408 Tanto
1466 2369 1564 2418 plus
1585 2369 1624 2408 in

940 2436 1019 2476 illis
1043 2434 1214 2486 proficit
1240 2436 1424 2474 vitiorum
1454 2434 1625 2485 ignora-

938 2502 994 2541 tio
1023 2511 1146 2552 quam
1177 2501 1216 2540 in
1245 2500 1309 2539 his
1338 2499 1513 2550 cognitio
1545 2500 1626 2538 vir-

941 2567 1047 2606 tutis.
