1868 3093
812 129 1080 169 -50-

223 236 320 277 belli
352 235 446 287 fult,
496 247 577 287 qao
628 235 993 288 Carthaginienses
1039 236 1295 288 Romanique
1338 238 1498 288 pariter
1544 237 1670 277 variis

223 301 391 341 casibus
431 303 623 342 immixtis
663 303 798 353 magis
838 303 878 342 in
910 303 1081 353 ancipiti
1105 312 1180 352 spe
1209 312 1260 343 ac
1288 305 1395 342 meta
1416 301 1575 353 fuerint
1601 321 1609 339 .=
1631 332 1639 341 .
1660 332 1669 341 .

224 365 419 407 Ostendit
449 367 617 417 quidem
649 367 787 407 Livius
818 378 841 406 a
872 378 913 407 re
945 367 1172 419 digressus,
1202 377 1309 418 quae
1338 368 1436 408 tunc
1457 369 1497 407 et
1517 366 1669 409 Roma-

224 442 369 471 norum
412 434 451 472 et
493 430 894 484 Carthaginiensium
936 432 1056 472 fuerit
1096 432 1303 479 condici0,
1350 432 1427 472 sed
1471 431 1667 483 singulari

224 497 407 547 quodam
440 498 560 536 utitur
591 497 781 536 consilio.
839 496 944 536 Nam
976 508 1068 537 cum
1099 497 1274 547 primum
1305 496 1477 544 illorum,
1517 496 1668 536 deinde

224 563 370 602 horum
401 573 467 602 res
499 564 539 602 et
569 562 676 602 bene
708 564 747 602 et
777 563 913 603 minus
944 562 1052 602 bene
1085 563 1225 615 gestas
1256 562 1454 613 proponit
1483 563 1668 613 interque

224 638 271 667 se
303 630 526 679 comparat,
557 628 655 668 nihil
687 628 771 680 agit
800 628 879 668 nisi
912 630 954 667 ut
983 628 1053 667 illo
1092 630 1275 678 tempore
1311 628 1494 668 neutrius
1524 627 1668 678 populi

225 704 309 733 rem
341 694 598 745 superiorem
628 693 759 734 fuisse
791 695 913 744 atque
943 693 1093 745 pariter
1122 695 1162 733 et
1191 692 1403 735 Romanos
1434 694 1473 733 et
1498 690 1669 746 Cart-ha-

226 760 440 811 ginienses
483 760 586 799 inter
628 770 748 810 spem
793 761 1028 810 metumque
1058 758 1328 799 fluctuavisse
1359 759 1518 798 doceat.
1577 756 1670 805 Qua

227 834 267 863 re
294 824 431 870 efficit,
462 826 504 863 ut
526 825 622 863 novi
644 826 853 874 tamquam
875 828 914 864 et
935 825 1079 876 integri
1102 824 1198 865 belli
1220 826 1317 864 tunc
1342 824 1496 864 initium
1517 823 1668 863 factum

226 899 322 929 esse
364 891 511 939 pateat.
571 888 613 928 id
656 889 812 928 Livium
855 889 1085 928 intendisse
1127 889 1191 929 vel
1233 890 1372 929 verbis
1414 890 1566 940 quibus
1597 900 1668 929 ex—

225 964 391 993 cursum
423 953 636 993 concludit
664 954 863 1004 probatur
893 954 979 993 his:
1020 954 1084 993 Ita
1125 957 1329 1004 aequante
1361 953 1536 1005 fortuna
1576 965 1670 995 sas-

217 1029 354 1069 pensa
384 1019 523 1059 omnia
553 1019 735 1069 atrisque
765 1021 886 1059 erant
912 1019 1071 1070 integra
1105 1029 1190 1069 spe,
1221 1019 1378 1070 integro
1413 1022 1530 1066 meta,
1567 1020 1674 1060 velat

225 1084 294 1124 illo
326 1087 506 1135 tempore
529 1084 709 1135 primum
739 1083 887 1124 bellam
917 1085 1148 1135 inciperent.
1207 1084 1293 1125 Hac
1330 1085 1451 1137 igitur
1480 1085 1669 1137 descrip-¹

226 1151 336 1190 tione
369 1150 602 1201 simplicem
645 1151 834 1190 narrandi
879 1151 1076 1190 rationem
1120 1161 1202 1190 non
1238 1152 1319 1191 tam
1351 1151 1515 1204 neglegi
1547 1162 1668 1202 quam

225 1216 412 1266 suppleri
443 1217 673 1254 statuamus
704 1226 881 1255 necesse
912 1218 985 1255 est.
1645 1235 1647 1237 -

336 1280 495 1321 Eodem
527 1281 607 1321 hoc
638 1291 770 1321 rerum
802 1282 997 1321 contextu
1027 1281 1092 1321 ·de
1123 1292 1300 1322 excursu
1332 1283 1669 1322 commemorabo

225 1347 279 1385 ita
324 1346 520 1394 instituto,
565 1347 607 1385 ut
636 1340 800 1398 'elogiis
842 1346 934 1394 illis,
976 1347 1028 1386 de
1071 1347 1223 1397 quibus
1265 1357 1391 1397 supra
1432 1348 1584 1395 monui,
1620 1358 1671 1387 ex

225 1412 351 1451 altera
395 1413 509 1462 parte
554 1411 784 1451 conveniat.
854 1409 969 1451 Sicut
1013 1412 1120 1451 enim
1169 1412 1393 1452 annalium·
1426 1413 1669 1463 scriptorum

227 1488 339 1516 more
371 1480 411 1516 et
440 1476 634 1527 exemplo
661 1477 883 1527 insignium
905 1477 1083 1516 virorum
1106 1478 1276 1517 mortem
1302 1478 1449 1528 paucis
1470 1479 1669 1528 prosequi

225 1542 343 1589 solet,
374 1543 416 1581 ut
445 1542 527 1581 vita
558 1552 699 1581 eorum
741 1543 907 1592 peracta
950 1542 1089 1592 quanti
1130 1541 1250 1581 fuerit
1291 1543 1485 1582 momenti
1523 1545 1670 1593 pateat,

226 1609 279 1647 ita
321 1609 544 1658 postquam
586 1607 710 1647 finem
753 1607 895 1647 incluti
927 1618 1008 1657 per
1045 1607 1240 1658 Europae
1273 1608 1515 1659 plerumque
1549 1611 1672 1659 atque

225 1673 367 1713 Asiam
398 1683 555 1713 omnem
586 1674 704 1724 regni
730 1672 995 1713 Macedonici
1024 1674 1209 1721 narravit,
1240 1672 1379 1726 (Xle
1399 1673 1443 1725 9)
1474 1675 1669 1725 quantum

227 1742 266 1778 et
287 1739 409 1789 quale
431 1739 473 1777 id
494 1738 613 1778 fuerit
635 1741 676 1777 ut
698 1739 847 1778 doceat
869 1740 1039 1778 enititur.
1099 1738 1224 1785 Quod
1247 1741 1288 1778 ut
1311 1739 1473 1786 efficiat,
1495 1740 1669 1779 eandem

227 1814 350 1854 quam
383 1804 422 1842 in
454 1804 604 1854 elogiis
634 1803 841 1843 adhibens
872 1814 1056 1842 normam
1087 1804 1261 1853 primum
1290 1804 1486 1853 quamdiu
1517 1805 1671 1844 steterit

226 1871 377 1915 monet,
408 1868 560 1907 deinde
592 1870 785 1917 quattuor
813 1871 1082 1918 tempestates
1114 1869 1327 1920 distinguit
1349 1879 1538 1919 quaeque
1570 1870 1672 1908 inter

225 1944 297 1973 eas
330 1932 480 1984 singuli
514 1943 634 1984 reges
666 1933 705 1971 in
727 1933 922 1983 augendo
946 1943 1073 1984 regno
1096 1943 1146 1972 ex
1167 1933 1306 1983 parvis
1337 1933 1462 1973 initiis
1482 1933 1670 1987 profecto

225 1998 440 2038 consecuti
474 1998 555 2037 sint
594 1997 803 2048 perhibet:
846 2007 979 2048 usque
1022 2009 1072 2037 eo
1116 1998 1328 2038 historiam
1371 1998 1483 2050 regni
1525 1998 1671 2038 Mace-

226 2064 366 2103 donici
398 2063 522 2102 edere
554 2062 694 2109 noluit,
726 2062 766 2101 id
790 2063 904 2113 quod
925 2062 1023 2102 facit
1043 2061 1244 2114 Polybius
1266 2061 1481 2115 (xv1116).
1541 2060 1670 2103 Cuius

224 2129 441 2179 scriptoris
472 2128 777 2178 expositionem
810 2128 885 2167 etsi
916 2127 1071 2167 fontem
1103 2128 1301 2176 adhibuit,
1330 2130 1466 2168 tamen
1498 2128 1671 2179 perinde

224 2196 348 2244 atque
391 2194 430 2232 in
472 2192 593 2232 Attali
636 2193 776 2243 elogio
819 2193 1085 2239 instituendo,
1130 2203 1236 2242 quae
1274 2194 1449 2242 copiose
1481 2193 1671 2243 exposita

225 2259 389 2304 invenit,
432 2267 481 2297 ea
523 2257 839 2307 comprehendit
880 2258 919 2296 et
958 2256 1010 2295 ad
1042 2267 1162 2297 suum
1193 2257 1454 2307 propositum
1484 2258 1670 2297 traduxit.
1733 2270 1745 2282 ·

335 2322 555 2362 Annalium
592 2322 839 2371 scriptorum
877 2322 1029 2360 nudam
1062 2322 1251 2361 narrandi
1284 2322 1480 2361 rationem
1513 2333 1564 2361 eo
1596 2323 1670 2362 de-

226 2388 349 2438 nique
382 2387 520 2426 Livius
562 2386 722 2437 probat,
764 2386 879 2436 quod
923 2386 975 2425 de
1018 2386 1350 2430 rebusnarratis
1387 2397 1521 2438 neque
1552 2398 1670 2427 suam

227 2453 470 2492 sententiam
514 2451 696 2502 proferre
739 2452 847 2491 solet
888 2454 927 2491 et
969 2452 1007 2490 in
1050 2462 1099 2491 ea
1137 2453 1396 2491 historiarum
1433 2455 1558 2503 parte,
1600 2453 1669 2491 ubi

226 2516 388 2567 Polybii
432 2516 562 2556 libros
603 2516 713 2564 adiit,
756 2527 862 2567 quae
905 2517 957 2555 ab
995 2517 1075 2556 hoc
1112 2517 1164 2556 ad
1201 2517 1306 2557 alios
1338 2517 1573 2557 laudandos
1604 2520 1672 2557 aut

224 2581 524 2631 vituperandos
562 2582 671 2621 dicta
709 2584 804 2622 sunt
841 2583 979 2622 omnia
1014 2582 1097 2621 fere
1136 2583 1291 2622 omittit.
1348 2581 1500 2623 Paucis
1536 2584 1669 2623 autem
