1868 3093
829 197 1072 237 -8-

227 307 514 345 coniuratione
546 304 747 346 Catilinae
791 308 829 345 et
871 306 923 346 de
966 306 1077 345 bello
1120 306 1355 357 Iugurthino
1398 307 1675 347 inscribuntur

226 371 390 419 libellis,
421 373 563 422 utpote
596 372 664 422 qui
697 372 840 423 integri
883 372 935 411 ad
968 374 1149 412 nostram
1192 373 1366 412 aetatem
1403 374 1673 423 pervenerint,

227 437 280 476 ita
311 437 479 487 quidem
512 439 553 476 ut
574 437 749 488 singulis
772 447 913 476 eorum
936 437 1185 477 excursibus
1211 438 1391 478 tractatis
1413 438 1673 478 historiarum

227 503 416 542 eiusdem
448 503 613 553 generis
635 502 943 553 digressionum
967 504 1164 553 quantum
1185 502 1273 543 fieri
1295 504 1444 553 poterit
1475 503 1672 543 rationem

228 567 441 608 ducamus.

485 667 515 703 l.
546 664 621 704 De
659 676 861 704 morum
900 665 1423 715 descriptionibus.

339 741 497 780 Initium
512 740 583 781 fiat
593 741 889 792 disputationis
903 740 956 780 ab
972 742 1034 789 iis,
1048 737 1202 791 quibus
1212 740 1433 782 Sallustius
1447 752 1673 792 paucorum

228 806 451 854 hominum,
483 817 556 857 per
586 817 696 857 quos
727 816 792 846 res
824 808 1007 846 narratae
1045 806 1221 846 maxime
1252 808 1455 859 geruntur,
1497 806 1567 845 ubi
1598 816 1674 846 eos

229 870 399 918 induxit,
430 872 631 923 originem
663 870 827 918 cultum,
858 873 1041 910 naturam
1074 870 1269 919 indolem,
1304 873 1401 911 vitia
1434 872 1603 911 virtutes
1633 873 1676 910 ut

229 937 342 976 brevi
385 936 439 976 ita
482 935 691 976 luculento
738 934 866 976 modo
913 935 1122 976 describit.
1181 935 1287 983 Quis
1332 938 1440 976 enim
1483 938 1546 976 est
1576 937 1674 986 quin

228 1002 468 1040 recordetur
489 1001 688 1051 praeclari
706 1001 815 1041 iliius
834 1001 926 1049 loci,
946 1012 1029 1052 quo
1048 999 1268 1041 Sallustius
1286 1000 1391 1053 (Cat.
1408 1000 1451 1053 5)
1470 1002 1675 1052 incipiens

229 1067 300 1106 ita:
330 1066 372 1105 L.
404 1065 596 1113 Catilina,
628 1066 757 1106 nobili
778 1078 930 1117 genere
959 1070 1092 1113 natus,
1115 1066 1201 1118 fm‘t
1227 1078 1380 1118 magna
1415 1068 1457 1110 vi
1484 1070 1523 1107 et
1551 1067 1679 1107 animi

228 1135 268 1171 et
314 1133 501 1181 corporis
549 1132 626 1171 sed
672 1132 833 1182 ingemo
877 1132 987 1172 malo
1026 1143 1244 1183 pravoque
1288 1164 1295 1172 .
1333 1164 1340 1172 .
1373 1162 1391 1181 .,
1435 1133 1674 1183 priusquam

230 1197 529 1237 coniurationis
550 1193 777 1236 narrandae
798 1197 954 1236 initium
975 1198 1109 1244 sumit,
1131 1197 1298 1237 scelesti
1314 1198 1403 1237 eius
1416 1198 1488 1236 viri
1504 1197 1676 1236 eximias

230 1262 419 1313 corporis
462 1261 700 1313 ingeniique
750 1261 966 1302 facultates
1017 1264 1056 1301 et
1098 1262 1366 1313 depravatum
1416 1262 1596 1302 animum
1638 1263 1678 1301 et

229 1337 368 1366 mores
398 1328 479 1366 tam
512 1327 678 1378 egregie
710 1326 936 1374 adumbrat,
975 1329 1017 1366 ut
1047 1328 1267 1379 imaginem
1311 1328 1400 1367 eius
1442 1327 1494 1366 ad
1534 1332 1675 1366 verum'

228 1392 313 1431 fere
346 1401 589 1441 expressam
633 1391 757 1430 nobis
802 1393 1021 1441 proponat.
1079 1391 1225 1442 Neque
1267 1392 1363 1431 huie
1406 1391 1675 1442 descriptioni

231 1456 341 1496 cedit
362 1467 421 1504 ea,
439 1466 521 1507 qua
543 1454 815 1507 Semproniae
830 1455 883 1507 (c.
899 1457 968 1505 25)
985 1451 1249 1506 splendidam
1268 1456 1426 1508 effingit
1445 1457 1677 1508 imaginem,

230 1532 353 1571 quam
384 1520 590 1568 feminam,
625 1532 716 1560 cum
748 1521 800 1559 ad
832 1531 899 1560 res
928 1521 1171 1572 propositas
1202 1520 1300 1560 nihil
1343 1522 1436 1572 ipsa
1466 1521 1676 1571 pertineat,

230 1586 330 1627 odio
363 1588 597 1627 commotus
629 1587 790 1626 videtur
815 1586 1042 1634 induxisse,
1074 1586 1231 1637 quippe
1263 1598 1368 1637 quae
1400 1589 1441 1626 ut
1471 1588 1598 1627 mater
1627 1580 1676 1626 D.

230 1652 341 1691 Bruti
374 1653 409 1690 ei
441 1651 561 1690 fuerit
591 1652 734 1691 invisa.
747 1650 774 1700 1)

342 1715 384 1756 In
415 1716 543 1756 altero
575 1714 728 1763 libello,
759 1717 828 1766 qui
856 1718 919 1756 est
949 1716 1000 1755 de
1033 1716 1144 1755 bello
1168 1716 1415 1768 Iugurthino,
1446 1715 1675 1768 Iugurtham

230 1782 398 1832 quidem
432 1793 482 1820 eo
515 1782 643 1820 modo
666 1779 887 1820 Sallustius
909 1792 992 1819 non
1015 1781 1182 1827 inducit,
1203 1792 1343 1819 verum
1367 1791 1459 1819 cum
1482 1781 1521 1819 in
1544 1774 1676 1819 Mario

231 1846 283 1898 (c.
313 1846 376 1895 63,
398 1845 441 1898 3)
473 1848 556 1886 tum
597 1845 636 1885 in
668 1843 781 1886 Sulla
813 1847 863 1894 (c.
894 1845 958 1894 95,
978 1845 1021 1894 2)
1064 1845 1243 1885 eundern
1287 1846 1497 1897 egregium
1539 1856 1677 1886 mores

232 1911 481 1962 designandi
513 1911 711 1950 artificem
743 1921 789 1950 se
821 1910 1003 1961 praebet.
1063 1909 1343 1949 Annumerare
1385 1908 1479 1949 licet
1509 1904 1573 1949 his
1604 1920 1676 1949 ex-

232 1974 423 2015 cursibus
456 1976 593 2015 locum
626 1986 709 2015 non
742 1976 794 2014 ita
826 1974 1071 2015 dissimilem
1114 1972 1219 2023 (Cat.
1250 1985 1282 2015 c.
1304 1974 1368 2023 53,
1388 1974 1441 2023 6),
1478 1985 1561 2026 quo
1593 1982 1676 2015 non

232 2042 284 2081 de
317 2053 398 2081 uno
430 2042 571 2093 agitur,
609 2039 685 2081 sed
718 2040 802 2080 duo
834 2042 906 2080 viri
939 2042 1043 2081 inter
1072 2043 1236 2081 ceteros
1267 2041 1530 2088 excellentes,
1573 2039 1676 2081 Cato

232 2109 271 2146 et
302 2106 468 2154 Caesar,
499 2118 591 2146 eum
623 2107 663 2145 in
695 2107 864 2146 modum
896 2106 1196 2154 describuntur,
1227 2109 1269 2146 ut
1293 2107 1505 2157 utriusque
1536 2106 1678 2145 natura

231 2172 442 2224 ingenium
473 2172 611 2212 studia
642 2174 684 2211 ut
710 2171 833 2222 plane
866 2172 1049 2222 disparia
1070 2172 1124 2211 ita
1155 2183 1287 2222 aeque
1309 2172 1476 2222 egregia
1505 2171 1677 2221 parique

232 2236 355 2276 laude
387 2236 513 2287 digna
544 2237 646 2275 inter
676 2247 722 2276 se
744 2238 1049 2288 componantur
1075 2246 1211 2287 eoque
1238 2236 1388 2276 clarius
1419 2233 1677 2276 illustrentur.

342 2302 490 2352 Neque
522 2301 641 2340 aliam
673 2303 712 2340 in
736 2301 960 2353 historiis2)
992 2313 1085 2341 eum
1107 2300 1351 2341 adhibuisse
1379 2299 1578 2340 rationem
1601 2301 1676 2340 sed

231 2369 393 2419 praeter
434 2366 541 2405 alios
587 2364 753 2405 Sertorii
796 2366 924 2415 (187),
966 2365 1139 2417 Pompei
1182 2361 1441 2416 (1116—19),
1483 2364 1677 2405 Praeciae

231 2432 296 2484 (ΙΙΙ
323 2431 401 2485 18),
433 2429 620 2483 Spartaci
653 2430 717 2479 (ΙΙΙ
738 2431 818 2479 90),
850 2430 1031 2471 Palicani
1064 2431 1130 2481 (IV
1149 2431 1215 2479 43)
1239 2431 1440 2483 imagines
1462 2430 1676 2470 effinxisse

231 2510 282 2538 ex
304 2497 489 2548 reliquiis
512 2497 791 2548 cognoscitur.
850 2495 1022 2535 Accedit
1042 2496 1197 2536 Metelli
1228 2494 1480 2545 Sertoriique
1506 2504 1677 2546 compa-

343 2606 369 2648 l)
395 2577 486 2639 conf.
501 2604 704 2639 Eduardum
718 2604 896 2638 Schwartz
911 2604 943 2637 in
959 2603 1108 2638 Hermae
1126 2605 1194 2638 vol.
1208 2604 1327 2638 XXXll
1341 2606 1386 2645 (a.
1399 2604 1494 2644 1897)
1512 2612 1591 2647 pag.
1601 2604 1675 2637 570.

342 2661 369 2702 2)
395 2659 548 2693 Sallustii
572 2660 650 2692 hist.
676 2660 734 2692 rel.
761 2659 818 2692 ed.
843 2658 881 2691 B.
906 2656 1216 2699 Maurenbrecher,
1242 2658 1391 2699 Lipsiae,
1417 2667 1446 2690 a.
1469 2656 1561 2691 1891.
