1868 3093
241 311 281 350 in
313 312 458 362 primis
489 312 626 352 differt
655 323 747 352 cum
779 322 802 351 a
831 311 1017 360 Timaeo,
1048 312 1116 363 qui
1148 312 1187 351 in
1218 311 1372 352 fabulis
1403 312 1618 352 narrandis
1648 313 1687 351 et

240 377 504 426 explicandis
534 378 720 417 versatur
736 375 778 428 ¹),
808 379 891 416 tum
929 387 952 416 a
982 376 1159 428 Polybio
1175 375 1219 428 ²),
1250 377 1318 427 qui
1349 378 1495 416 terram
1528 377 1685 417 descri-

241 440 339 481 bere
371 441 616 493 incolasque
647 442 824 482 breviter
854 442 1052 494 attingere
1074 442 1175 483 satis
1200 441 1335 490 habet,
1365 441 1480 493 quod
1511 442 1685 493 primum

240 506 293 545 de
324 507 484 558 origine
514 508 696 559 gentium
740 509 936 557 quantum
977 508 1066 547 fieri
1109 509 1248 559 potest
1284 508 1418 555 docet,
1450 507 1602 547 deinde
1632 508 1685 547 de

239 572 368 611 terrae
400 572 479 611 situ
509 571 677 620 finibus,
706 571 896 624 frugibus
928 573 1057 621 caelo,
1100 573 1280 624 denique
1322 572 1374 613 de
1405 573 1591 624 ipsorum
1622 572 1684 611 in-

239 636 422 675 colarum
455 637 565 676 cultu
596 637 782 677 moribus
814 638 1008 677 institutis
1039 641 1230 678 accurate
1261 639 1441 689 exponit.
1510 640 1522 653 '

348 700 497 740 Verum
541 702 689 749 sentio,
731 702 831 752 quid
873 703 1017 753 possis
1060 703 1219 742 dicere:
1250 704 1449 743 rationem
1482 714 1564 743 non
1596 702 1683 742 dis-

238 777 379 817 parem
411 768 461 807 iis
492 767 718 807 adhibitam
762 778 869 815 esse,
912 778 1018 818 quae
1061 769 1112 807 de
1155 768 1303 808 insulis
1338 779 1471 819 prope
1502 767 1683 808 Siciliam

238 833 278 870 et
308 832 347 870 in
380 832 479 870 mari
509 831 724 883 Tyrrheno
766 833 857 872 sitis
899 835 938 871 et
980 833 1032 872 de
1062 832 1272 872 Britannia
1301 844 1325 871 a
1355 831 1546 872 Diodoro
1576 832 1629 884 (V
1651 843 1684 871 c.

236 896 391 948 7—22)
423 897 583 947 prolata
613 897 666 936 ad
691 897 904 937 Timaeum
929 898 1164 937 revocanda
1185 908 1282 937 esse
1304 896 1481 938 Carolus
1502 897 1683 937 Mtillen-

238 961 313 999 loff
372 961 575 1011 probante
626 961 779 1000 Ioanne
830 960 1008 1001 Geffken
1058 964 1099 1001 et
1147 962 1416 1002 confirmante
1466 962 1683 1001 conclusit.

237 1024 364 1074 Quod
397 1037 481 1078 quo
513 1026 598 1066 iure
630 1027 747 1068 dicas
779 1029 821 1067 ut
850 1028 1079 1076 videamus,
1121 1038 1228 1079 quae
1260 1028 1312 1068 de
1344 1025 1519 1069 Corsica
1548 1027 1684 1067 insula

238 1091 290 1142 (V
317 1092 494 1144 13—14)
519 1093 769 1142 praebentur
798 1104 821 1132 a
843 1092 1033 1132 Diodoro
1056 1104 1148 1132 cum
1171 1094 1221 1133 iis
1253 1103 1554 1143 comparemus,
1576 1102 1683 1143 quae

238 1157 347 1197 idem
379 1156 594 1198 Diodorus
636 1160 805 1199 secutus
848 1157 1121 1199 Posidonium
1165 1159 1217 1199 de
1259 1157 1395 1199 Gallia
1437 1156 1682 1209 Galliaeque

236 1223 431 1273 gentibus
473 1222 526 1275 (V
547 1223 730 1276 24—40)
771 1225 951 1275 exponit.
1023 1224 1157 1275 Atque
1199 1225 1374 1275 primum
1419 1225 1586 1274 quidem
1630 1224 1682 1263 de

236 1285 371 1327 Calari
421 1290 461 1327 et
504 1288 659 1327 Nicaea
705 1289 877 1339 oppidis
921 1300 944 1327 a
989 1288 1332 1329 Phocaeensibus
1376 1292 1416 1328 et
1458 1282 1682 1340 Tyrrhenis

235 1352 416 1392 conditis
447 1356 754 1401 commemorat,
786 1354 938 1393 deinde
971 1355 1023 1393 de
1054 1355 1187 1405 ipsius
1219 1355 1378 1394 insulae
1400 1354 1681 1405 magnitudine

233 1419 272 1456 et
312 1417 502 1470 frugibus
547 1417 710 1470 (confer
750 1419 956 1459 simillima
999 1419 1033 1459 V
1059 1420 1122 1466 26,
1149 1420 1190 1468 2;
1221 1420 1284 1468 34,
1315 1420 1357 1468 2;
1387 1420 1451 1467 39,
1471 1420 1513 1467 2;
1542 1419 1606 1467 40,
1626 1417 1682 1471 5),

234 1484 415 1533 denique
447 1484 500 1523 de
531 1484 758 1523 incolarum
791 1495 961 1524 numero
1000 1484 1128 1536 (conf.
1160 1485 1193 1524 V
1213 1486 1277 1533 25,
1298 1484 1353 1536 2),
1385 1485 1523 1536 lingua
1555 1483 1681 1535 (conf.

232 1548 296 1595 31,
322 1547 372 1599 1),
414 1549 664 1588 abstinentia
696 1548 823 1600 (conf.
853 1550 916 1597 34,
939 1549 984 1601 3)
1015 1550 1149 1589 docet.
1209 1550 1355 1600 Neque
1399 1550 1517 1589 deest
1559 1550 1680 1589 mira-

233 1613 328 1652 bilis
371 1614 588 1654 cuiusdam
633 1614 688 1654 rei
732 1625 783 1654 ex
827 1614 1053 1654 incolarum
1099 1615 1182 1654 vita
1223 1615 1447 1655 arcessitae
1494 1615 1681 1662 narratio,

231 1688 355 1727 quam
387 1679 440 1718 iia
462 1679 605 1729 incipit
637 1678 718 1731 (14,
738 1679 799 1731 2):
830 1679 1162 1731 παραδοξότατον
1188 1677 1309 1717 δ’ἐστὶ
1340 1679 1385 1717 τὸ
1416 1676 1515 1730 παρ’
1545 1678 1682 1725 αὐτοῖς

230 1743 436 1793 γινόμενον
466 1744 569 1781 κατὰ
598 1745 670 1790 τὰς
699 1751 777 1782 τῶν
819 1747 965 1782 τέκνων
1007 1747 1177 1795 γενέσεις
1206 1775 1213 1782 .
1236 1775 1243 1782 .
1265 1777 1272 1784 .
1303 1744 1396 1797 Agit
1427 1746 1546 1797 igitur
1575 1743 1680 1784 Dio-

232 1809 360 1848 dorus
392 1810 444 1849 de
476 1820 525 1849 ea
555 1821 609 1853 re,
641 1811 693 1850 de
725 1821 807 1860 qua
829 1810 1101 1850 Posidonium
1134 1811 1256 1850 simili
1288 1811 1415 1850 modo
1447 1811 1679 1850 narravisse

230 1876 395 1914 constat
425 1873 552 1925 (conf.
584 1874 634 1915 lV
654 1875 724 1922 20;
756 1875 789 1915 V
809 1876 873 1923 32,
895 1875 950 1925 7).

341 1938 471 1979 Porro
488 1941 761 1991 inspiciamus
779 1951 886 1991 quae
909 1941 960 1980 de
983 1940 1191 1980 Britannia
1213 1940 1402 1992 leguntur
1417 1939 1470 1991 (V
1486 1940 1679 1991 2l—-22).

230 2004 294 2044 De
326 2006 448 2045 huius
480 2006 640 2046 insulae
673 2016 808 2056 neque
839 2016 863 2045 a
893 2005 1062 2046 Baccho
1094 2017 1229 2057 neque
1260 2005 1313 2045 ab
1336 2005 1512 2045 Hercule
1543 2006 1678 2046 aditae

228 2070 357 2123 (conf.
378 2071 412 2111 V
432 2072 497 2119 24,
517 2071 562 2124 2)
594 2073 634 2111 et
663 2082 796 2122 usque
828 2073 880 2111 ad
913 2070 1109 2112 Caesaris
1128 2074 1317 2123 tempora
1339 2072 1575 2124 incognitae
1597 2072 1677 2111 situ

227 2136 359 2176 forma
399 2136 567 2182 finibus,
609 2137 662 2177 de
703 2140 798 2177 aere
839 2137 990 2189 frigido
1044 2136 1170 2189 (conf.
1213 2136 1246 2176 V
1271 2138 1336 2185 25,
1365 2138 1408 2184 2;
1436 2137 1502 2184 40,
1527 2136 1583 2188 5),
1625 2137 1676 2176 de

228 2202 394 2241 metallo
426 2201 479 2253 (V
498 2202 569 2250 27;
598 2202 780 2253 35——38)
811 2213 862 2241 ex
892 2213 993 2254 agro
1025 2213 1182 2242 saxoso
1213 2202 1266 2253 (V
1286 2202 1350 2249 39,
1370 2203 1413 2252 2)
1443 2201 1605 2241 effosso
1637 2205 1677 2242 et

229 2278 251 2306 a
281 2267 581 2307 mercatoribus
613 2267 832 2318 deportato
863 2266 916 2319 (V
936 2267 1000 2315 35,
1020 2266 1065 2319 5)
1108 2267 1307 2306 nonnulla
1348 2266 1526 2314 exhibet,
1559 2266 1676 2318 plura

229 2332 281 2372 de
312 2333 539 2372 incolarum
571 2333 730 2384 origine
753 2335 793 2372 et
813 2344 984 2373 numero
1008 2332 1061 2385 (V
1084 2334 1148 2381 25,
1169 2332 1225 2384 2),
1247 2333 1299 2372 de
1321 2333 1488 2383 antiqua
1509 2333 1675 2372 vivendi

342 2452 366 2492 1)
392 2450 493 2484 Conf.
519 2461 572 2493 ea,
599 2456 691 2494 qu'ae
716 2460 761 2485 ex
778 2451 913 2485 Timaei
930 2451 1084 2485 historiis
1101 2452 1242 2493 sumpta
1259 2451 1480 2493 proferuntur
1497 2452 1541 2484 de
1560 2450 1676 2484 Sicilia

228 2506 343 2538 insula
367 2514 388 2538 a
411 2505 516 2539 Diod.
542 2507 572 2539 V
599 2506 691 2539 1—6.

339 2560 366 2601 ²)
391 2559 613 2603 Quamquam
649 2562 686 2595 ut
720 2562 753 2594 in
791 2562 867 2595 aliis
892 2561 1000 2595 rebus
1026 2561 1072 2594 ita
1096 2561 1129 2593 in
1153 2561 1254 2594 terris
1279 2560 1527 2594 describendis
1563 2561 1676 2603 magis
1700 2574 1705 2579 ·

226 2616 273 2649 ad
299 2617 393 2648 hunc
418 2614 635 2650 Posidonius
660 2626 700 2650 se
725 2617 891 2659 applicuit
915 2625 1020 2658 quam
1045 2616 1090 2649 ad
1115 2624 1330 2658 quemquam
1356 2615 1470 2655 alium,
1497 2615 1595 2657 quod
1619 2615 1675 2648 bic

226 2671 360 2704 docere
387 2670 530 2711 longum
556 2671 626 2703 erit.
