1868 3093
229 328 377 379 Neque
408 327 508 378 quid
541 327 593 368 de
630 328 756 368 rebus
793 328 964 368 narratis
1002 328 1320 368 existimandum
1358 329 1411 368 sit
1442 331 1485 369 ut
1513 329 1679 379 aperiat,

229 394 299 432 ubi
331 394 469 444 magni
501 393 591 432 eius
622 394 801 440 interest,
832 393 912 432 alia
943 393 1099 432 ratione
1122 392 1253 432 utitur.
1294 392 1537 433 Memineris
1557 392 1678 433 velim

229 458 311 498 loci
343 458 444 506 eius,
475 458 545 498 ubi
578 458 630 498 de
652 457 827 511 Augusti
859 459 1005 499 mortui
1038 459 1179 498 natura
1209 458 1378 509 ingenio
1410 459 1596 498 moribus
1626 459 1680 498 ita

230 524 475 563 sententiam
517 534 634 562 suam
677 523 842 573 profert,
880 527 922 561 ut
958 523 1057 572 quid
1088 523 1129 561 in
1162 521 1374 571 sepultura
1404 522 1470 560 alii
1502 523 1554 561 ad
1586 533 1679 562 eum

228 587 558 638 vituperandum,
599 587 665 627 alii
708 588 762 627 ad
804 598 898 627 eum
936 587 1189 628 laudandum
1231 587 1436 627 attulerint
1477 588 1680 628 exhibeat.

230 651 447 693 Simillimo
494 653 622 692 modo
672 653 723 692 IV
756 654 949 700 20—21,
1006 655 1048 692 ut
1098 653 1150 691 de
1201 652 1469 703 quinquenali
1520 653 1679 693 ludicro

229 729 253 756 a
274 718 440 757 Nerone
463 718 648 757 instituto
670 718 771 768 quid
793 718 885 768 ipse
913 718 1063 758 sentiat
1093 719 1318 769 expromat,
1348 718 1547 757 maiorum
1570 718 1680 758 ludis

230 784 482 833 comparatis
512 783 618 823 alios
650 783 750 822 illud
787 785 1038 823 excusantes
1075 785 1114 823 et
1145 783 1429 829 defendentes,
1465 783 1571 823 alios
1602 784 1678 822 im-

229 848 458 898 probantes
489 850 529 887 et
558 849 807 887 accusantes
839 848 1005 888 inducit.
1018 846 1049 899 ¹)

340 912 524 952 Iamvero
568 914 772 962 quatenus
815 913 865 952 iis
907 923 1014 962 quae
1054 913 1094 951 in
1131 913 1224 962 ipsa
1254 922 1385 951 rerum
1417 913 1678 963 expositione

230 979 451 1016 occurrunt
492 977 830 1028 digressionibus
873 977 926 1025 id,
968 977 1083 1028 quod
1116 977 1167 1017 de
1198 977 1419 1017 annalibus
1450 978 1679 1026 statuimus,

230 1042 524 1094 comprobetur
567 1042 795 1082 videamus.
865 1041 1180 1082 Praeteritorum
1228 1043 1396 1093 quidem
1436 1045 1679 1094 temporum,

231 1108 301 1147 ubi
334 1109 386 1148 ad
420 1118 486 1147 res
517 1108 783 1148 illustrandas
815 1108 1097 1148 necessarium
1130 1110 1203 1156 est,
1235 1108 1485 1159 aliquotiens
1509 1108 1680 1150 Tacitus

230 1174 429 1213 rationem
461 1174 583 1213 ducit.
643 1172 772 1213 Porro
804 1174 1157 1224 quemadmodum
1189 1174 1228 1213 in
1260 1174 1442 1213 historiis
1472 1173 1678 1214 Vitellium

230 1239 292 1290 (Ill
318 1239 389 1291 68)
422 1240 476 1279 ita
506 1239 546 1278 in
578 1240 658 1279 hoc
690 1250 817 1290 opere
850 1238 953 1290 (ΧΙΙΙ
978 1240 1014 1287 3,
1036 1239 1078 1289 9)
1109 1239 1329 1287 Neronem,
1361 1240 1430 1290 qui
1452 1240 1493 1278 in
1515 1238 1677 1280 Claudii

228 1305 370 1344 funere
403 1305 683 1343 laudationem
715 1304 840 1344 habet
870 1315 894 1343 a
919 1303 1081 1344 Seneca
1112 1305 1401 1355 compositam,
1433 1315 1524 1344 cum
1556 1316 1677 1356 prae-

229 1370 478 1409 cedentibus
509 1370 830 1420 imperatoribus
868 1372 1081 1421 comparat
1112 1371 1254 1410 iterum
1285 1370 1430 1421 populi
1462 1381 1678 1411 sermones

229 1435 452 1474 simulans:
482 1434 756 1474 Adnotabant
781 1436 976 1477 seniores,
1007 1434 1156 1486 quibus
1184 1436 1360 1475 otiosum
1391 1438 1460 1490 est¹
1483 1439 1616 1476 vetera
1641 1440 1682 1476 et

221 1501 464 1550 praesentia
494 1501 748 1547 contendere,
774 1502 952 1551 primum
983 1502 1114 1548 exiis,
1145 1501 1217 1551 qui
1238 1511 1371 1540 rerum
1390 1502 1517 1551 potiti
1533 1505 1677 1551 essent,

227 1566 432 1605 Neronem
464 1566 624 1606 allenae
646 1564 877 1617 facundiae
907 1567 1078 1617 egnisse.
1125 1566 1235 1606 Nam
1257 1598 1264 1606 .
1286 1597 1323 1606 ..
1382 1565 1500 1614 Quae
1526 1567 1678 1607 deinde

231 1632 283 1671 de
299 1631 329 1683 J.
352 1630 559 1680 Caesaris,
583 1631 751 1680 Tiberii,
774 1631 864 1679 Gai,
892 1631 1054 1672 Claudii
1078 1632 1244 1672 dicendi
1265 1632 1458 1672 facultate
1481 1633 1678 1684 leguntur,

228 1708 277 1736 ea
323 1708 407 1737 non
449 1698 650 1748 populum
692 1697 790 1737 facit
833 1698 1112 1749 disputantem
1154 1697 1231 1738 sed
1274 1698 1367 1749 ipse
1408 1693 1497 1738 suis
1540 1698 1678 1738 verbis

228 1763 392 1814 profert.
463 1763 581 1803 Hunc
624 1775 843 1804 excursum
889 1775 972 1803 non
1016 1765 1151 1803 minus
1194 1775 1316 1814 quam
1360 1764 1483 1811 illum,
1525 1764 1594 1814 qui
1636 1764 1677 1802 in

228 1829 412 1868 historiis
439 1829 627 1878 occurrit,
659 1840 709 1868 ex
740 1829 955 1879 scriptoris
987 1830 1070 1868 arte
1102 1829 1291 1868 narrandi
1324 1832 1460 1868 natum
1492 1839 1588 1868 esse
1609 1830 1677 1868 vix

228 1897 291 1933 est
320 1895 435 1945 quod
468 1905 670 1933 moneam.

336 1970 552 2009 Terrarum
595 1970 862 2022 gentiumque
905 1970 1211 2020 descriptiones
1249 1971 1496 2021 interposuit
1531 1970 1676 2019 nullas,

227 2037 370 2086 utpote
401 2035 560 2074 alienas
582 2038 621 2074 et
642 2035 694 2074 ab
717 2036 937 2075 annalibus
960 2034 1158 2077 Romanis
1180 2038 1218 2075 et
1239 2046 1262 2074 a
1284 2034 1466 2076 Sallustii
1490 2033 1675 2075 Catilina.

225 2100 277 2140 At
319 2101 645 2151 disputationem
689 2101 897 2151 quandam
941 2101 1122 2148 inseruit,
1164 2112 1245 2152 qua
1287 2101 1499 2152 profectus
1530 2101 1583 2140 ab
1614 2102 1675 2149 iis,

226 2177 333 2216 quae
375 2167 503 2205 modo
547 2166 705 2213 rettulit,
749 2167 800 2205 de
837 2167 963 2205 rebus
1007 2166 1059 2205 ad
1092 2167 1227 2216 ipsum
1259 2169 1542 2218 argumentum
1574 2166 1672 2205 nihil

225 2231 526 2281 pertinentibus
575 2232 752 2279 disserit,
805 2231 902 2271 dico
944 2230 993 2271 Vl
1035 2231 1099 2278 22,
1152 2231 1222 2270 ubi
1262 2231 1439 2283 Trasylli
1480 2231 1674 2271 vaticinio

225 2300 550 2336 commemorato
610 2299 741 2336 utrum
801 2297 1051 2336 necessitate
1111 2307 1160 2335 an
1210 2296 1314 2336 forte
1363 2307 1430 2336 res
1480 2296 1674 2335 mortales

224 2362 417 2412 regantur
458 2362 626 2411 quaerit,
669 2361 723 2401 ita
767 2364 808 2401 ut
850 2362 900 2401 iis
942 2361 1129 2401 videatur
1170 2362 1373 2410 assentiri,
1415 2362 1483 2413 qui
1534 2362 1672 2412 primo

225 2427 424 2477 cuizrsque
437 2430 530 2466 ortu
544 2430 712 2467 ventura
727 2428 929 2467 destinari
943 2427 1194 2467 arbitrentur.
1216 2426 1351 2474 Quam
1369 2428 1674 2479 digressionem

225 2493 289 2531 cui
332 2503 469 2543 neque
505 2493 545 2530 in
578 2492 759 2532 historiis
792 2503 928 2544 neque
959 2494 998 2532 in
1036 2493 1268 2541 annalibus,
1306 2494 1340 2533 si
1378 2494 1431 2532 ab
1463 2493 1524 2540 iis,
1566 2502 1673 2543 quae

224 2558 276 2597 de
308 2558 541 2609 principum
573 2558 838 2598 inclinatione
870 2559 1116 2598 brevissime
1147 2559 1396 2597 adnotantur
1420 2557 1470 2597 IV
1489 2558 1554 2605 20,
1587 2558 1675 2597 dis-

334 2687 360 2730 ¹)
386 2686 478 2720 conf.
505 2696 586 2730 pag.
602 2687 646 2720 83
671 2687 751 2721 adn.
773 2689 798 2720 1.
