<?xml version="1.0" encoding="UTF-8"?>
<!DOCTYPE html PUBLIC "-//W3C//DTD XHTML 1.0 Transitional//EN"
    "http://www.w3.org/TR/xhtml1/DTD/xhtml1-transitional.dtd">
<html xmlns="http://www.w3.org/1999/xhtml" xml:lang="en" lang="en">
 <head>
  <title>
</title>
<meta http-equiv="Content-Type" content="text/html;charset=utf-8" />
  <meta name='ocr-system' content='tesseract 3.04.00' />
  <meta name='ocr-capabilities' content='ocr_page ocr_carea ocr_par ocr_line ocrx_word'/>
</head>
<body>
  <div class='ocr_page' id='page_1' title='image "4737250_0013.png"; bbox 0 0 1868 3093; ppageno 0'>
   <div class='ocr_carea' id='block_1_1' title="bbox 219 682 1658 846">
    <p class='ocr_par' dir='ltr' id='par_1_1' title="bbox 219 682 1658 846">
     <span class='ocr_line' id='line_1_1' title="bbox 219 682 1658 765; baseline 0.009 -27"><span class='ocrx_word' id='word_1_1' title='bbox 219 682 300 738; x_wconf 92' lang='lat' dir='ltr'>De</span> <span class='ocrx_word' id='word_1_2' title='bbox 323 687 518 755; x_wconf 89' lang='lat' dir='ltr'>quibus</span> <span class='ocrx_word' id='word_1_3' title='bbox 555 689 716 743; x_wconf 91' lang='lat' dir='ltr'>rebus</span> <span class='ocrx_word' id='word_1_4' title='bbox 747 705 1016 760; x_wconf 86' lang='lat' dir='ltr'>quemque</span> <span class='ocrx_word' id='word_1_5' title='bbox 1047 694 1097 746; x_wconf 92' lang='lat' dir='ltr'>in</span> <span class='ocrx_word' id='word_1_6' title='bbox 1123 694 1349 748; x_wconf 92' lang='lat' dir='ltr'>modum</span> <span class='ocrx_word' id='word_1_7' title='bbox 1381 695 1658 765; x_wconf 85' lang='lat' dir='ltr'>dispositis</span> 
     </span>
     <span class='ocr_line' id='line_1_2' title="bbox 419 783 1449 846; baseline 0.008 -8"><span class='ocrx_word' id='word_1_8' title='bbox 419 783 517 839; x_wconf 91' lang='lat' dir='ltr'>hac</span> <span class='ocrx_word' id='word_1_9' title='bbox 560 789 1013 842; x_wconf 81' lang='lat' dir='ltr'>commentatione</span> <span class='ocrx_word' id='word_1_10' title='bbox 1055 795 1267 844; x_wconf 86' lang='lat' dir='ltr'>acturus</span> <span class='ocrx_word' id='word_1_11' title='bbox 1308 806 1449 846; x_wconf 93' lang='lat' dir='ltr'>sum.</span> 
     </span>
    </p>
   </div>
   <div class='ocr_carea' id='block_1_2' title="bbox 869 896 998 904">
    <p class='ocr_par' dir='ltr' id='par_1_2' title="bbox 869 896 998 904">
     <span class='ocr_line' id='line_1_3' title="bbox 869 896 998 904; baseline 0 0"><span class='ocrx_word' id='word_1_12' title='bbox 869 896 998 904; x_wconf 95' lang='lat' dir='ltr'> </span> 
     </span>
    </p>
   </div>
   <div class='ocr_carea' id='block_1_3' title="bbox 534 969 1334 1026">
    <p class='ocr_par' dir='ltr' id='par_1_3' title="bbox 534 969 1334 1026">
     <span class='ocr_line' id='line_1_4' title="bbox 534 969 1334 1026; baseline 0.008 -15"><span class='ocrx_word' id='word_1_13' title='bbox 534 969 566 1011; x_wconf 91' lang='grc' dir='ltr'>Ι.</span> <span class='ocrx_word' id='word_1_14' title='bbox 597 969 662 1012; x_wconf 86' lang='lat' dir='ltr'>De</span> <span class='ocrx_word' id='word_1_15' title='bbox 692 969 910 1013; x_wconf 77' lang='lat' dir='ltr'>Sallustii</span> <span class='ocrx_word' id='word_1_16' title='bbox 939 970 1334 1026; x_wconf 72' lang='lat' dir='ltr'>digressionibus.</span> 
     </span>
    </p>
   </div>
   <div class='ocr_carea' id='block_1_4' title="bbox 207 1042 1652 1484">
    <p class='ocr_par' dir='ltr' id='par_1_4' title="bbox 207 1042 1652 1484">
     <span class='ocr_line' id='line_1_5' title="bbox 218 1042 1652 1097; baseline 0.008 -16"><span class='ocrx_word' id='word_1_17' title='bbox 218 1043 248 1081; x_wconf 91' lang='lat'>1.</span> <span class='ocrx_word' id='word_1_18' title='bbox 279 1042 342 1083; x_wconf 91' lang='lat' dir='ltr'>De</span> <span class='ocrx_word' id='word_1_19' title='bbox 373 1055 531 1084; x_wconf 92' lang='lat' dir='ltr'>morum</span> <span class='ocrx_word' id='word_1_20' title='bbox 562 1046 915 1097; x_wconf 87' lang='lat' dir='ltr'>descriptionibus</span> <span class='ocrx_word' id='word_1_21' title='bbox 941 1078 1540 1092; x_wconf 89' lang='grc'><strong><em>..........</em></strong></span> <span class='ocrx_word' id='word_1_22' title='bbox 1625 1055 1652 1093; x_wconf 91' lang='grc'><strong>8</strong></span> 
     </span>
     <span class='ocr_line' id='line_1_6' title="bbox 211 1106 1541 1168; baseline 0.009 -22"><span class='ocrx_word' id='word_1_23' title='bbox 211 1107 246 1146; x_wconf 90' lang='grc'>2.</span> <span class='ocrx_word' id='word_1_24' title='bbox 278 1106 340 1147; x_wconf 92' lang='lat' dir='ltr'>De</span> <span class='ocrx_word' id='word_1_25' title='bbox 372 1119 421 1148; x_wconf 92' lang='lat' dir='ltr'>ea</span> <span class='ocrx_word' id='word_1_26' title='bbox 451 1120 532 1160; x_wconf 92' lang='lat' dir='ltr'>qua</span> <span class='ocrx_word' id='word_1_27' title='bbox 561 1111 618 1150; x_wconf 89' lang='lat' dir='ltr'>rei</span> <span class='ocrx_word' id='word_1_28' title='bbox 648 1111 840 1161; x_wconf 89' lang='lat' dir='ltr'>publicae</span> <span class='ocrx_word' id='word_1_29' title='bbox 863 1111 1073 1154; x_wconf 81' lang='lat' dir='ltr'>Romanae</span> <span class='ocrx_word' id='word_1_30' title='bbox 1104 1116 1299 1156; x_wconf 90' lang='lat' dir='ltr'>condicio</span> <span class='ocrx_word' id='word_1_31' title='bbox 1321 1118 1541 1168; x_wconf 86' lang='lat' dir='ltr'>exponitur</span> 
     </span>
     <span class='ocr_line' id='line_1_7' title="bbox 343 1174 1648 1225; baseline 0.008 -13"><span class='ocrx_word' id='word_1_32' title='bbox 343 1174 603 1225; x_wconf 90' lang='lat' dir='ltr'>digressione</span> <span class='ocrx_word' id='word_1_33' title='bbox 679 1206 1539 1221; x_wconf 90' lang='grc'><em>..............</em></span> <span class='ocrx_word' id='word_1_34' title='bbox 1602 1186 1648 1222; x_wconf 93' lang='grc'>17</span> 
     </span>
     <span class='ocr_line' id='line_1_8' title="bbox 209 1236 1650 1295; baseline 0.009 -19"><span class='ocrx_word' id='word_1_35' title='bbox 209 1237 245 1276; x_wconf 89' lang='grc'>3.</span> <span class='ocrx_word' id='word_1_36' title='bbox 275 1236 338 1277; x_wconf 91' lang='lat' dir='ltr'>De</span> <span class='ocrx_word' id='word_1_37' title='bbox 370 1239 718 1289; x_wconf 82' lang='lat' dir='ltr'>explicationibus</span> <span class='ocrx_word' id='word_1_38' title='bbox 748 1242 869 1282; x_wconf 90' lang='lat' dir='ltr'>altius</span> <span class='ocrx_word' id='word_1_39' title='bbox 901 1245 1084 1295; x_wconf 90' lang='lat' dir='ltr'>repetitis</span> <span class='ocrx_word' id='word_1_40' title='bbox 1138 1277 1144 1284; x_wconf 93' lang='lat'><strong>.</strong></span> <span class='ocrx_word' id='word_1_41' title='bbox 1203 1276 1209 1282; x_wconf 90' lang='lat'>.</span> <span class='ocrx_word' id='word_1_42' title='bbox 1268 1276 1275 1283; x_wconf 94' lang='lat'>.</span> <span class='ocrx_word' id='word_1_43' title='bbox 1320 1271 1341 1285; x_wconf 86' lang='lat'>-.</span> <span class='ocrx_word' id='word_1_44' title='bbox 1400 1277 1406 1284; x_wconf 95' lang='lat'>.</span> <span class='ocrx_word' id='word_1_45' title='bbox 1465 1279 1473 1287; x_wconf 89' lang='lat'><strong>.</strong></span> <span class='ocrx_word' id='word_1_46' title='bbox 1532 1280 1538 1287; x_wconf 96' lang='lat'><strong>.</strong></span> <span class='ocrx_word' id='word_1_47' title='bbox 1596 1249 1650 1289; x_wconf 88' lang='lat'>20</span> 
     </span>
     <span class='ocr_line' id='line_1_9' title="bbox 207 1302 1649 1359; baseline 0.008 -18"><span class='ocrx_word' id='word_1_48' title='bbox 207 1303 244 1341; x_wconf 86' lang='lat'>4.</span> <span class='ocrx_word' id='word_1_49' title='bbox 275 1302 338 1342; x_wconf 92' lang='lat' dir='ltr'>De</span> <span class='ocrx_word' id='word_1_50' title='bbox 368 1306 561 1344; x_wconf 90' lang='lat' dir='ltr'>terrarum</span> <span class='ocrx_word' id='word_1_51' title='bbox 591 1307 857 1357; x_wconf 89' lang='lat' dir='ltr'>gentiumque</span> <span class='ocrx_word' id='word_1_52' title='bbox 889 1309 1242 1359; x_wconf 83' lang='lat' dir='ltr'>descriptionibus</span> <span class='ocrx_word' id='word_1_53' title='bbox 1269 1341 1537 1350; x_wconf 92' lang='grc'><strong><em>.....</em></strong></span> <span class='ocrx_word' id='word_1_54' title='bbox 1596 1316 1649 1353; x_wconf 86' lang='grc'>24</span> 
     </span>
     <span class='ocr_line' id='line_1_10' title="bbox 208 1367 1648 1427; baseline 0.009 -21"><span class='ocrx_word' id='word_1_55' title='bbox 208 1367 243 1407; x_wconf 92' lang='grc'>5.</span> <span class='ocrx_word' id='word_1_56' title='bbox 275 1367 483 1408; x_wconf 87' lang='lat' dir='ltr'>Excursus</span> <span class='ocrx_word' id='word_1_57' title='bbox 514 1369 566 1409; x_wconf 93' lang='lat' dir='ltr'>de</span> <span class='ocrx_word' id='word_1_58' title='bbox 598 1369 771 1421; x_wconf 84' lang='lat' dir='ltr'>Pompei</span> <span class='ocrx_word' id='word_1_59' title='bbox 800 1371 927 1424; x_wconf 89' lang='lat' dir='ltr'>Trogi</span> <span class='ocrx_word' id='word_1_60' title='bbox 957 1374 1151 1414; x_wconf 88' lang='lat' dir='ltr'>terrarum</span> <span class='ocrx_word' id='word_1_61' title='bbox 1184 1376 1538 1427; x_wconf 85' lang='lat' dir='ltr'>descriptionibus</span> <span class='ocrx_word' id='word_1_62' title='bbox 1595 1380 1648 1419; x_wconf 84' lang='lat'>32</span> 
     </span>
     <span class='ocr_line' id='line_1_11' title="bbox 207 1430 1648 1484; baseline 0.009 -13"><span class='ocrx_word' id='word_1_63' title='bbox 207 1432 243 1471; x_wconf 92' lang='grc'>6.</span> <span class='ocrx_word' id='word_1_64' title='bbox 275 1430 503 1474; x_wconf 89' lang='lat' dir='ltr'>Conclusio</span> <span class='ocrx_word' id='word_1_65' title='bbox 545 1465 1537 1482; x_wconf 85' lang='grc'><strong>................</strong></span> <span class='ocrx_word' id='word_1_66' title='bbox 1595 1445 1648 1484; x_wconf 87' lang='grc'>36</span> 
     </span>
    </p>
   </div>
   <div class='ocr_carea' id='block_1_5' title="bbox 566 1533 1285 1589">
    <p class='ocr_par' dir='ltr' id='par_1_5' title="bbox 566 1533 1285 1589">
     <span class='ocr_line' id='line_1_12' title="bbox 566 1533 1285 1589; baseline 0.01 -15"><span class='ocrx_word' id='word_1_67' title='bbox 566 1533 618 1575; x_wconf 87' lang='lat'>11.</span> <span class='ocrx_word' id='word_1_68' title='bbox 649 1534 714 1576; x_wconf 90' lang='lat' dir='ltr'>De</span> <span class='ocrx_word' id='word_1_69' title='bbox 744 1533 860 1577; x_wconf 82' lang='lat' dir='ltr'>Livii</span> <span class='ocrx_word' id='word_1_70' title='bbox 891 1534 1285 1589; x_wconf 71' lang='lat' dir='ltr'>digressionibus·</span> 
     </span>
    </p>
   </div>
   <div class='ocr_carea' id='block_1_6' title="bbox 203 1606 1646 1730">
    <p class='ocr_par' dir='ltr' id='par_1_6' title="bbox 203 1606 1646 1730">
     <span class='ocr_line' id='line_1_13' title="bbox 209 1606 1646 1664; baseline 0.008 -18"><span class='ocrx_word' id='word_1_71' title='bbox 209 1608 240 1646; x_wconf 92' lang='lat'>1.</span> <span class='ocrx_word' id='word_1_72' title='bbox 271 1606 365 1654; x_wconf 87' lang='lat' dir='ltr'>Qua</span> <span class='ocrx_word' id='word_1_73' title='bbox 395 1609 551 1649; x_wconf 90' lang='lat' dir='ltr'>ratione</span> <span class='ocrx_word' id='word_1_74' title='bbox 582 1611 622 1649; x_wconf 93' lang='lat' dir='ltr'>in</span> <span class='ocrx_word' id='word_1_75' title='bbox 654 1611 838 1651; x_wconf 92' lang='lat' dir='ltr'>moribus</span> <span class='ocrx_word' id='word_1_76' title='bbox 873 1613 1146 1664; x_wconf 88' lang='lat' dir='ltr'>designandis</span> <span class='ocrx_word' id='word_1_77' title='bbox 1177 1615 1315 1656; x_wconf 90' lang='lat' dir='ltr'>Livius</span> <span class='ocrx_word' id='word_1_78' title='bbox 1351 1618 1404 1656; x_wconf 90' lang='lat' dir='ltr'>sit</span> <span class='ocrx_word' id='word_1_79' title='bbox 1433 1628 1535 1658; x_wconf 89' lang='lat' dir='ltr'>usus</span> <span class='ocrx_word' id='word_1_80' title='bbox 1592 1620 1646 1658; x_wconf 84' lang='lat'>39</span> 
     </span>
     <span class='ocr_line' id='line_1_14' title="bbox 203 1671 1536 1730; baseline 0.008 -19"><span class='ocrx_word' id='word_1_81' title='bbox 203 1673 239 1712; x_wconf 89' lang='grc'>2.</span> <span class='ocrx_word' id='word_1_82' title='bbox 270 1671 404 1719; x_wconf 88' lang='lat' dir='ltr'>Quam</span> <span class='ocrx_word' id='word_1_83' title='bbox 447 1674 487 1713; x_wconf 93' lang='lat' dir='ltr'>in</span> <span class='ocrx_word' id='word_1_84' title='bbox 528 1675 653 1714; x_wconf 89' lang='lat' dir='ltr'>rebus</span> <span class='ocrx_word' id='word_1_85' title='bbox 696 1678 910 1717; x_wconf 88' lang='lat' dir='ltr'>narrandis</span> <span class='ocrx_word' id='word_1_86' title='bbox 941 1680 981 1717; x_wconf 88' lang='lat' dir='ltr'>et</span> <span class='ocrx_word' id='word_1_87' title='bbox 1009 1681 1272 1730; x_wconf 90' lang='lat' dir='ltr'>exponendis</span> <span class='ocrx_word' id='word_1_88' title='bbox 1303 1682 1536 1722; x_wconf 89' lang='lat' dir='ltr'>adhibuerit</span> 
     </span>
    </p>
   </div>
   <div class='ocr_carea' id='block_1_7' title="bbox 200 1750 1643 1920">
    <p class='ocr_par' dir='ltr' id='par_1_7' title="bbox 200 1750 1643 1920">
     <span class='ocr_line' id='line_1_15' title="bbox 335 1750 1643 1789; baseline 0.009 -11"><span class='ocrx_word' id='word_1_89' title='bbox 335 1750 520 1779; x_wconf 91' lang='lat' dir='ltr'>normam</span> <span class='ocrx_word' id='word_1_90' title='bbox 542 1770 1533 1789; x_wconf 88' lang='lat'>................</span> <span class='ocrx_word' id='word_1_91' title='bbox 1590 1751 1643 1789; x_wconf 87' lang='grc'>45</span> 
     </span>
     <span class='ocr_line' id='line_1_16' title="bbox 200 1802 1642 1863; baseline 0.008 -21"><span class='ocrx_word' id='word_1_92' title='bbox 200 1803 237 1842; x_wconf 89' lang='grc'>3.</span> <span class='ocrx_word' id='word_1_93' title='bbox 268 1802 385 1850; x_wconf 89' lang='lat' dir='ltr'>Quas</span> <span class='ocrx_word' id='word_1_94' title='bbox 416 1805 495 1855; x_wconf 92' lang='lat' dir='ltr'>ipsi</span> <span class='ocrx_word' id='word_1_95' title='bbox 527 1806 722 1846; x_wconf 86' lang='lat' dir='ltr'>historiae</span> <span class='ocrx_word' id='word_1_96' title='bbox 744 1812 984 1859; x_wconf 90' lang='lat' dir='ltr'>argumento</span> <span class='ocrx_word' id='word_1_97' title='bbox 1006 1810 1222 1850; x_wconf 88' lang='lat' dir='ltr'>inseruerit</span> <span class='ocrx_word' id='word_1_98' title='bbox 1244 1814 1532 1863; x_wconf 91' lang='lat' dir='ltr'>expositiones</span> <span class='ocrx_word' id='word_1_99' title='bbox 1589 1816 1642 1854; x_wconf 89' lang='lat'>52</span> 
     </span>
     <span class='ocr_line' id='line_1_17' title="bbox 200 1866 1640 1920; baseline 0.009 -13"><span class='ocrx_word' id='word_1_100' title='bbox 200 1869 237 1908; x_wconf 88' lang='lat'>4.</span> <span class='ocrx_word' id='word_1_101' title='bbox 267 1866 497 1910; x_wconf 89' lang='lat' dir='ltr'>Conclusio</span> <span class='ocrx_word' id='word_1_102' title='bbox 539 1902 1530 1918; x_wconf 90' lang='grc'><strong>................</strong></span> <span class='ocrx_word' id='word_1_103' title='bbox 1588 1882 1640 1920; x_wconf 90' lang='grc'>57</span> 
     </span>
    </p>
   </div>
   <div class='ocr_carea' id='block_1_8' title="bbox 202 1970 1639 2104">
    <p class='ocr_par' dir='ltr' id='par_1_8' title="bbox 202 1970 1639 2104">
     <span class='ocr_line' id='line_1_18' title="bbox 526 1970 1310 2027; baseline 0.009 -17"><span class='ocrx_word' id='word_1_104' title='bbox 526 1970 599 2011; x_wconf 88' lang='grc' dir='ltr'><strong>ΙΙΙ.</strong></span> <span class='ocrx_word' id='word_1_105' title='bbox 634 1970 699 2013; x_wconf 88' lang='lat' dir='ltr'>De</span> <span class='ocrx_word' id='word_1_106' title='bbox 730 1970 885 2014; x_wconf 76' lang='lat' dir='ltr'>Taciti</span> <span class='ocrx_word' id='word_1_107' title='bbox 916 1971 1310 2027; x_wconf 72' lang='lat' dir='ltr'>digressionibus.</span> 
     </span>
     <span class='ocr_line' id='line_1_19' title="bbox 202 2042 1639 2104; baseline 0.01 -23"><span class='ocrx_word' id='word_1_108' title='bbox 202 2044 233 2081; x_wconf 92' lang='lat'>1.</span> <span class='ocrx_word' id='word_1_109' title='bbox 263 2042 326 2083; x_wconf 93' lang='lat' dir='ltr'>De</span> <span class='ocrx_word' id='word_1_110' title='bbox 376 2045 648 2097; x_wconf 90' lang='lat' dir='ltr'>duabusquae</span> <span class='ocrx_word' id='word_1_111' title='bbox 670 2049 711 2087; x_wconf 94' lang='lat' dir='ltr'>in</span> <span class='ocrx_word' id='word_1_112' title='bbox 732 2047 926 2100; x_wconf 86' lang='lat' dir='ltr'>Agricola</span> <span class='ocrx_word' id='word_1_113' title='bbox 946 2053 1166 2091; x_wconf 90' lang='lat' dir='ltr'>occurrunt</span> <span class='ocrx_word' id='word_1_114' title='bbox 1195 2053 1528 2104; x_wconf 88' lang='lat' dir='ltr'>digressionibus</span> <span class='ocrx_word' id='word_1_115' title='bbox 1585 2057 1639 2095; x_wconf 89' lang='lat'>58</span> 
     </span>
    </p>
   </div>
   <div class='ocr_carea' id='block_1_9' title="bbox 193 2106 1638 2356">
    <p class='ocr_par' dir='ltr' id='par_1_9' title="bbox 193 2106 1638 2356">
     <span class='ocr_line' id='line_1_20' title="bbox 195 2106 1638 2161; baseline 0.01 -15"><span class='ocrx_word' id='word_1_116' title='bbox 195 2107 231 2146; x_wconf 89' lang='lat'>2.</span> <span class='ocrx_word' id='word_1_117' title='bbox 262 2106 326 2148; x_wconf 93' lang='lat' dir='ltr'>De</span> <span class='ocrx_word' id='word_1_118' title='bbox 357 2107 578 2150; x_wconf 86' lang='lat' dir='ltr'>Germania</span> <span class='ocrx_word' id='word_1_119' title='bbox 607 2112 648 2151; x_wconf 94' lang='lat' dir='ltr'>in</span> <span class='ocrx_word' id='word_1_120' title='bbox 679 2123 927 2154; x_wconf 88' lang='lat' dir='ltr'>excursuum</span> <span class='ocrx_word' id='word_1_121' title='bbox 958 2127 1128 2156; x_wconf 89' lang='lat' dir='ltr'>numero</span> <span class='ocrx_word' id='word_1_122' title='bbox 1159 2118 1352 2158; x_wconf 90' lang='lat' dir='ltr'>habenda</span> <span class='ocrx_word' id='word_1_123' title='bbox 1388 2150 1394 2157; x_wconf 92' lang='lat'>.</span> <span class='ocrx_word' id='word_1_124' title='bbox 1453 2152 1460 2159; x_wconf 90' lang='lat'><strong>.</strong></span> <span class='ocrx_word' id='word_1_125' title='bbox 1518 2151 1525 2158; x_wconf 93' lang='lat'><strong>.</strong></span> <span class='ocrx_word' id='word_1_126' title='bbox 1583 2122 1638 2161; x_wconf 85' lang='lat'>60</span> 
     </span>
     <span class='ocr_line' id='line_1_21' title="bbox 194 2172 1636 2229; baseline 0.01 -16"><span class='ocrx_word' id='word_1_127' title='bbox 194 2173 230 2212; x_wconf 91' lang='grc'>3.</span> <span class='ocrx_word' id='word_1_128' title='bbox 261 2172 325 2214; x_wconf 91' lang='lat' dir='ltr'>De</span> <span class='ocrx_word' id='word_1_129' title='bbox 355 2175 613 2216; x_wconf 89' lang='lat' dir='ltr'>historiarum</span> <span class='ocrx_word' id='word_1_130' title='bbox 644 2177 979 2229; x_wconf 90' lang='lat' dir='ltr'>digressionibus</span> <span class='ocrx_word' id='word_1_131' title='bbox 1058 2213 1524 2224; x_wconf 82' lang='grc'><strong><em>........</em></strong></span> <span class='ocrx_word' id='word_1_132' title='bbox 1582 2187 1636 2227; x_wconf 87' lang='grc'>69</span> 
     </span>
     <span class='ocr_line' id='line_1_22' title="bbox 194 2238 1634 2294; baseline 0.009 -16"><span class='ocrx_word' id='word_1_133' title='bbox 194 2240 230 2278; x_wconf 89' lang='grc'>4.</span> <span class='ocrx_word' id='word_1_134' title='bbox 261 2238 324 2279; x_wconf 90' lang='lat' dir='ltr'>De</span> <span class='ocrx_word' id='word_1_135' title='bbox 354 2241 561 2280; x_wconf 89' lang='lat' dir='ltr'>annalium</span> <span class='ocrx_word' id='word_1_136' title='bbox 593 2242 926 2294; x_wconf 88' lang='lat' dir='ltr'>digressionibus</span> <span class='ocrx_word' id='word_1_137' title='bbox 990 2275 1521 2289; x_wconf 92' lang='grc'><strong><em>.........</em></strong></span> <span class='ocrx_word' id='word_1_138' title='bbox 1580 2252 1634 2290; x_wconf 89' lang='grc'>80</span> 
     </span>
     <span class='ocr_line' id='line_1_23' title="bbox 193 2303 1623 2356; baseline 0.008 -12"><span class='ocrx_word' id='word_1_139' title='bbox 193 2305 229 2344; x_wconf 87' lang='grc'>5.</span> <span class='ocrx_word' id='word_1_140' title='bbox 262 2303 491 2346; x_wconf 77' lang='lat' dir='ltr'>Conclusio</span> <span class='ocrx_word' id='word_1_141' title='bbox 528 2337 1521 2355; x_wconf 92' lang='grc'><strong>................</strong></span> <span class='ocrx_word' id='word_1_142' title='bbox 1578 2317 1623 2356; x_wconf 87' lang='grc'>91</span> 
     </span>
    </p>
   </div>
  </div>
 </body>
</html>
