1868 3093
823 206 1094 246 -90-

230 316 455 365 quaestura
497 313 681 368 (x122).
739 313 1022 356 Adnumerare
1065 315 1160 357 licet
1203 315 1341 356 locum
1385 315 1438 355 ad
1482 315 1685 367 principis

231 382 481 431 potestatem
524 382 795 431 spectantem.
872 380 1101 432 Postquam
1144 381 1252 420 enim
1294 381 1409 421 urbis
1452 382 1683 432 pomerium

229 449 327 486 tune
357 456 381 485 a
412 443 591 486 Claudio
621 447 786 486 auctum
828 456 925 487 esse
968 447 1155 495 narravit,
1185 457 1209 487 a
1238 446 1393 498 quibus
1422 446 1683 498 principibus

232 510 431 553 Romanis
477 522 647 562 quoque
690 512 819 551 modo
861 512 965 551 haec
1008 512 1123 552 urbis
1163 512 1306 552 finium
1340 511 1682 563 proferendorum

230 576 420 626 potestas
462 577 660 627 usurpata
700 577 754 616 sit
795 576 920 616 docet
960 575 1049 629 (Xll
1090 575 1173 630 23).
1231 576 1448 618 Accedunt
1486 580 1570 617 tres
1612 576 1682 628 qui

230 641 353 681 simili
400 642 528 681 modo
574 642 744 682 instituti
790 644 884 682 sunt
929 642 1022 682 loci.
1095 641 1281 689 Quorum
1326 643 1460 694 primo
1505 641 1576 695 (lV
1610 640 1682 694 65)

230 704 401 747 Caelius
432 718 554 748 mons
585 709 682 747 tunc
714 707 889 748 deustus
914 708 954 748 et
973 707 1187 761 Augustus
1218 708 1453 760 appellatus
1483 719 1507 748 a
1528 707 1681 759 quibus

230 773 356 813 rebus
387 784 494 824 quae
537 774 707 813 nomina
747 774 958 825 prioribus
998 773 1259 825 temporibus
1301 774 1457 825 ceperit
1491 774 1682 821 adnotat;

229 839 358 878 altero
391 838 458 890 (Vl
488 838 561 891 28)
603 850 709 890 quae
742 840 794 879 de
825 838 1050 879 Phoenicis
1081 840 1171 879 avis
1200 839 1333 879 forma
1362 839 1520 891 origine
1551 839 1681 877 morte

229 906 444 954 comperta
474 904 601 944 habet
622 905 848 955 expromit;
879 905 996 944 tertio
1019 903 1089 956 (XI
1117 903 1193 956 14),
1214 906 1438 955 postquam
1460 901 1680 944 Claudium

230 969 461 1008 literaturae
505 969 701 1019 paulatim
746 971 891 1008 auctae
937 969 1205 1008 excusatione
1251 979 1371 1009 usum
1417 970 1499 1008 tres
1547 978 1681 1008 novas

231 1034 434 1073 literarum
467 1034 623 1074 formas
653 1033 871 1074 addidisse
904 1033 1061 1082 rettulit,
1093 1033 1338 1073 literaturam
1370 1035 1609 1074 nascentem
1642 1034 1681 1073 et

229 1101 487 1138 crescentem
520 1099 713 1138 ostendit.
1216 1088 1220 1092 ’

340 1162 459 1211 Quae
510 1164 706 1204 omnibus
756 1164 820 1204 his
870 1164 976 1204 locis
1024 1175 1047 1203 a
1087 1163 1234 1204 Tacito
1277 1164 1527 1215 praebentur
1567 1163 1678 1203 unde

229 1229 417 1280 profecta
448 1230 530 1269 sint
559 1232 640 1268 tam
672 1231 862 1269 accurate
894 1230 934 1268 in
969 1229 1317 1268 commentatione
1346 1239 1472 1279 supra
1494 1238 1678 1268 comme-

229 1297 387 1334 morata
429 1295 554 1334 docet
585 1294 623 1333 F.
656 1294 750 1343 Leo,
793 1296 835 1333 ut
876 1305 956 1347 ego
992 1295 1070 1334 hac
1108 1305 1149 1334 re
1181 1294 1320 1334 denuo
1350 1294 1563 1334 tractanda
1593 1294 1678 1334 iure

230 1360 543 1410 supersedeam.
585 1359 628 1398 Id
660 1360 878 1409 quaeritur,
909 1360 1160 1409 quibusnam
1192 1360 1316 1399 rebus
1345 1362 1580 1398 commotus
1602 1360 1677 1398 has

229 1425 520 1475 digressiones
563 1425 808 1464 eruditionis
851 1424 1068 1464 cuiusdam
1107 1425 1244 1463 notam
1281 1435 1379 1475 prae
1417 1434 1463 1464 se
1498 1424 1678 1464 ferentes

230 1490 465 1530 subiecerit.
516 1488 625 1530 Sane
658 1501 739 1529 non
773 1490 917 1529 mirum
949 1492 1013 1530 est
1032 1489 1232 1537 Tacitum,
1263 1500 1368 1540 quas
1400 1500 1465 1529 res
1495 1491 1576 1529 tam
1608 1490 1678 1528 diu

228 1556 267 1594 in
306 1566 347 1594 re
384 1555 554 1605 publica
589 1556 779 1594 versatus
816 1555 983 1605 penitus
1014 1557 1195 1602 noverat,
1235 1565 1308 1595 eas
1339 1555 1378 1594 in
1410 1555 1572 1594 deliciis
1604 1555 1677 1593 ha-

228 1620 372 1661 buisse
405 1621 456 1660 de
488 1621 624 1671 iisque
656 1620 838 1660 docendi
870 1621 1086 1660 occasioni
1118 1631 1211 1660 eum
1235 1632 1318 1660 non
1341 1620 1538 1660 defuisse.
1584 1617 1677 1666 Qua

228 1686 280 1725 de
324 1696 364 1725 re
407 1686 750 1725 commodissime
793 1686 893 1725 dicit
934 1683 983 1726 G.
1015 1684 1260 1733 Boissier¹):
1305 1684 1462 1734 „Parmi
1501 1695 1572 1725 ces
1613 1684 1677 1724 di-

227 1752 457 1803 gressions,
479 1751 541 1791 les
562 1751 658 1802 plus
680 1752 957 1792 nombreuses
979 1763 1025 1792 se
1047 1753 1287 1803 rapportent
1308 1752 1331 1790 a
1352 1751 1391 1791 la
1408 1751 1676 1791 constitution

228 1817 425 1863 romaine,
456 1827 536 1855 aux
564 1817 863 1868 changements
891 1816 1039 1867 qu’elle
1061 1827 1085 1855 a
1106 1817 1236 1864 subis,
1268 1826 1348 1855 aux
1369 1817 1676 1868 magistratures

227 1882 455 1921 anciennes
492 1883 533 1920 et
568 1881 797 1929 nouvelles,
840 1883 863 1920 a
899 1882 937 1921 la
971 1881 1233 1921 distribution
1268 1881 1344 1921 des
1375 1881 1539 1932 legions
1570 1881 1676 1920 dans

227 1947 421 1998 l’empire,
464 1948 555 1995 etc.;
598 1958 652 1987 on
690 1948 919 1998 comprend
957 1958 1038 1998 que
1076 1948 1152 1988 des
1189 1947 1349 1999 subiets
1387 1947 1439 1986 de
1471 1957 1518 1986 ce
1550 1957 1675 1998 genre

226 2014 337 2053 aient
378 2013 540 2064 occupe
584 2024 638 2052 un
677 2013 801 2064 J'eune
843 2013 1008 2052 homme
1052 2013 1121 2063 qui
1163 2023 1209 2052 se
1247 2013 1441 2052 destinait
1477 2013 1501 2051 a
1537 2012 1575 2050 la
1610 2012 1674 2050 vie

226 2078 465 2129 publique.“
517 2078 664 2129 Neque
694 2080 843 2127 tamen,
874 2078 1064 2129 quamvis
1091 2079 1200 2118 recte
1223 2088 1272 2117 ea
1294 2077 1491 2126 dicantur,
1521 2088 1674 2116 novum

227 2155 384 2183 morem
409 2143 598 2183 Tacitum
630 2144 860 2192 induxisse,
891 2144 979 2192 sed,
1010 2143 1363 2194 quemadmodum
1394 2143 1448 2182 ad
1479 2143 1574 2182 illos
1604 2142 1674 2194 qui

225 2212 324 2249 sunt
354 2210 407 2249 de
440 2210 564 2249 rebus
596 2210 750 2249 divinis
775 2220 977 2250 excursus
1000 2207 1183 2250 Sallustii
1205 2209 1400 2249 historias
1421 2208 1674 2259 aliquantum

225 2275 408 2315 valuisse
441 2275 699 2327 collegimus,
730 2276 784 2314 ita
815 2276 892 2315 hac
923 2285 1092 2325 quoque
1124 2275 1164 2313 in
1193 2285 1234 2314 re
1261 2274 1314 2314 ad
1336 2274 1518 2325 priorum
1539 2275 1674 2324 scrip-

225 2342 357 2378 torum
396 2340 632 2390 exemplum
666 2340 808 2390 aliquo
839 2340 968 2378 modo
1000 2350 1093 2378 eum
1124 2349 1220 2383 sese
1251 2339 1540 2379 conformasse
1571 2339 1673 2378 ratio

226 2404 410 2456 postulat
464 2407 507 2446 ut
560 2406 800 2446 statuamus.
878 2403 1013 2456 Atque
1066 2404 1187 2445 facile
1237 2404 1389 2456 aliquis
1437 2405 1675 2455 suspicetur

226 2469 465 2509 Sallustium
508 2471 548 2509 in
591 2471 775 2510 historiis
804 2470 953 2509 Tacito
995 2470 1233 2510 imitationis
1273 2469 1508 2510 facultatem
1551 2480 1673 2521 prae-

226 2535 382 2582 buisse,
425 2547 515 2575 cum
559 2535 715 2588 profert
756 2536 856 2575 illud
898 2535 1182 2588 fragmentum,
1224 2546 1275 2575 ex
1311 2546 1395 2586 quo
1433 2534 1672 2576 Sallustium

225 2601 317 2652 lege
350 2600 524 2640 Aemilia
566 2603 889 2641 commemorata
931 2601 1047 2653 leges
1088 2600 1377 2640 frumentarias
1412 2602 1533 2641 antea
1568 2601 1672 2641 latas

336 2688 361 2728 ¹)
385 2686 518 2728 Tacite,
543 2686 652 2721 Paris.
700 2697 730 2721 a.
759 2688 843 2721 1903
866 2697 947 2730 pag.
974 2689 1023 2720 ll.
