1868 3093
790 202 1063 241 -22-

199 305 366 344 taneum
397 306 460 353 sit,
490 308 710 357 probabile
741 309 795 357 fit,
826 310 953 361 idque
984 321 1035 351 eo
1067 309 1211 365 magis,
1242 315 1357 365 quod
1388 316 1491 356 haec
1522 318 1649 358 verba

199 367 418 411 Posidonii
451 373 490 412 et
520 370 698 414 Diodori
728 374 855 415 verba
885 385 1012 427 supra
1042 376 1165 418 allata
1194 379 1475 422 similitudinis
1506 383 1646 424 cuius—

198 435 292 474 dam
345 438 513 477 vinculo
557 440 792 487 cohaerent,
845 441 886 480 id
936 443 1050 492 quod
1093 444 1257 484 collatis
1298 445 1405 486 locis
1445 447 1645 489 elucebit:

196 498 341 541 Athen.
373 504 548 555 πάτριος
575 503 648 553 μὲν
677 506 753 557 γὰρ
784 501 829 556 ἦν
859 504 998 553 αὐτοῖς
1025 508 1198 561 καρτερὴ
1223 509 1289 548 καὶ
1310 510 1399 562 λιτὴ
1424 509 1560 550 δίαιτα
1581 543 1588 551 .
1610 544 1618 551 .
1639 545 1647 554 .

195 566 302 605 conf.
334 566 459 608 Diod.
489 569 673 610 XXXVII
702 572 738 618 2,
770 573 806 610 1:
835 570 881 609 τὸ
910 580 1153 620 μεταπεσεῖν
1183 576 1278 621 τοὺς
1305 572 1531 624 Ῥωμαίους
1561 577 1644 617 ἀπὸ

193 635 264 680 τῆς
294 630 485 671 εὐτάκτου
515 634 582 672 καὶ
612 635 724 686 λιτῆς
753 635 911 688 ἀγωγῆς
941 668 948 676 .
978 670 987 678 .
1017 669 1025 676 .

305 717 425 766 Quae
456 722 715 762 ratiocinatio
745 724 781 762 si
806 724 878 763 tibi
900 726 1109 775 probatur,
1132 727 1340 779 digressio
1371 731 1540 779 praesto
1571 732 1644 777 est,

195 785 260 823 cui
292 788 378 825 arta
409 796 501 825 cum
533 785 783 828 Sallustiana
814 790 1077 840 expositione
1116 792 1332 832 intercedit
1361 795 1643 835 necessitudo

193 848 319 896 Quod
367 852 409 890 ut
453 851 681 904 intellegas,
733 864 839 904 quae
889 854 942 894 ad
988 866 1070 895 rem
1120 857 1381 907 probandam
1430 858 1644 899 sufficiunt

193 915 428 955 exscribam
460 918 500 956 et
530 917 609 957 sub
641 929 724 958 uno
756 922 986 970 conspectu
1017 932 1183 972 ponam.

272 1034 417 1075 Athen.
448 1036 509 1084 Vl,
540 1048 634 1089 pag.
664 1039 746 1078 274
766 1039 810 1078 A.

250 1122 427 1171 Πάτριος
454 1122 526 1171 μὲν
561 1125 636 1176 γὰρ
667 1118 713 1176 ἧν
749 1125 886 1172 αὐτοῖς

195 1189 300 1232 (τοῖς
341 1182 594 1238 ίῬωμαίοις),
655 1190 710 1236 ὡς
764 1192 884 1243 φησὶν

194 1251 475 1300 Ποσειδώνιος,
501 1255 673 1306 καρτερὴ
699 1256 766 1293 καὶ
795 1256 883 1307 λιτὴ

192 1315 327 1354 δίαιτα
349 1317 424 1370 (4),
454 1319 521 1356 καὶ
543 1326 622 1358 τῶν
644 1317 775 1360 ἄλλων
805 1329 884 1361 τῶν

190 1379 271 1419 Γὑπὸ
321 1382 391 1433 την
439 1391 576 1435 κτῆσιν
624 1385 777 1437 ἀφελὴς
817 1388 884 1425 καὶ

190 1446 432 1499 ἀπερίεργος
457 1456 607 1501 χρῆσις,
630 1449 689 1489 ἔτι
710 1451 753 1490 δὲ
778 1452 883 1492 εὐσέ-

187 1514 277 1561 βεια
318 1514 534 1565 θαυμαστὴ
577 1516 673 1566 περὶ
714 1517 759 1555 τὸ
798 1517 882 1556 δαι-

187 1578 327 1624 μόνιον
360 1578 433 1630 (3),
467 1578 694 1632 δικαιοσύνη
737 1596 778 1619 τε
815 1584 881 1621 καὶ

188 1642 319 1694 πολλὴ
365 1651 436 1682 τοῦ
479 1645 728 1697 πλημμελεῖν
770 1646 881 1687 εὐλά-

187 1709 276 1755 Ιθεια
306 1708 412 1759 πρὸς
441 1712 600 1756 πάντας
631 1711 882 1763 ἀνθρώπους

188 1771 263 1824 (2),
294 1774 396 1822 μετὰ
432 1780 502 1826 τῆς
542 1776 645 1814 κατὰ
685 1780 880 1829 γεωργίαν

188 1836 405 1889 ἀσκήσεως.

338 1946 463 1987 Diod.
493 1948 674 1990 XXXVII
704 1951 730 1990 3

233 2019 326 2061 ίὈτι
349 2023 394 2062 τὸ
415 2024 593 2063 παλαιὸν
624 2025 662 2064 οἱ
682 2023 878 2077 (Ρωμαῖοι

186 2088 329 2136 νόμοις
349 2103 391 2126 τε
411 2090 476 2127 καὶ
498 2089 680 2141 ἀγωγαῖς
696 2091 879 2143 ἀρίστοις

186 2153 248 2205 (l)
270 2152 470 2206 χρώμενοι
494 2152 580 2193 κατ’
607 2155 740 2207 ὀλίγον
762 2156 877 2211 ἠυξή-

185 2221 318 2270 θησαν
347 2220 410 2272 (5)
442 2219 512 2258 ἐπὶ
542 2229 744 2269 τοσοῦτον,
777 2224 877 2262 ὥστε

189 2283 398 2333 ἡγεμονίαν
441 2283 766 2338 ἐπιφανεστάτην
810 2288 877 2325 καὶ

185 2351 369 2402 μεγίστην
411 2358 490 2390 τῶν
521 2356 876 2404 Διινημονευοίιιένων

185 2418 526 2468 κατακτήσασθαι.

241 2523 281 2562 ἐν
304 2524 344 2562 δὲ
366 2533 455 2573 τοῖς
470 2530 685 2580 νεωτέροις
700 2536 872 2581 καιροῖς,

183 2592 632 2644 καταπεπολεμημένων
675 2592 747 2643 μὲν
794 2601 873 2632 τῶν

181 2656 384 2694 πλείστων
434 2656 566 2697 ε’·θνῶν
616 2659 690 2711 (6),
749 2660 872 2698 πολυ-

1158 1041 1253 1083 Sall.
1285 1041 1370 1084 Cat.
1402 1044 1437 1084 9.

1007 1128 1135 1179 Igitur
1150 1130 1263 1169 domi
1280 1130 1527 1182 militiaeque
1547 1131 1647 1172 boni

952 1203 1088 1233 mores
1109 1194 1349 1234 colebantur
1369 1194 1451 1248 (I)‚·
1475 1206 1641 1236 concor-

954 1258 1025 1297 dia
1045 1269 1252 1305 maxuma,
1268 1260 1449 1300 minuma
1465 1262 1642 1301 avaritia

954 1326 1045 1363 erat
1078 1323 1163 1376 (2),·
1310 1326 1444 1377 iurgia
1485 1326 1640 1367 discor-

954 1389 1048 1429 dias
1074 1390 1303 1430 simultates
1337 1401 1425 1430 cum
1455 1391 1641 1431 hostibus

952 1455 1205 1502 exercebant,
1236 1456 1342 1495 cives
1368 1466 1456 1496 cum
1487 1457 1640 1497 civibus

952 1519 1003 1558 de
1032 1521 1175 1560 virtute
1204 1521 1440 1568 certabant;
1474 1523 1513 1561 in
1543 1533 1638 1573 sup-

944 1584 1082 1633 pliciis
1118 1585 1285 1625 aleorum
1321 1585 1534 1637 magnifici
1565 1585 1638 1639 (3),

951 1648 1064 1689 domi
1083 1650 1210 1699 parci
1237 1649 1310 1702 (4).

1004 1961 1090 2004 Cat.
1113 1964 1148 2012 7,
1169 1964 1210 2004 3:
1239 1966 1318 2005 sed
1341 1966 1485 2005 civitas
1509 1967 1635 2006 incre-

948 2028 1072 2069 dibile
1111 2033 1339 2071 memoratu
1381 2034 1444 2071 est
1481 2032 1635 2082 adepta

946 2093 1132 2134 libertale
1162 2099 1358 2145 quantum
1399 2095 1514 2136 brevi
1551 2108 1634 2137 cre-

947 2160 1049 2199 verit
1076 2158 1149 2211 (5).

999 2528 1086 2570 Cat.
1134 2531 1198 2570 10:
1246 2532 1323 2571 sed
1372 2531 1444 2571 ubi
1489 2532 1633 2573 labore

944 2598 1067 2646 atque
1087 2596 1241 2636 iustitia
1261 2607 1328 2636 res
1347 2595 1518 2646 publica
1547 2608 1630 2638 cre—

943 2662 1006 2707 vit,
1037 2672 1154 2712 reges
1183 2662 1326 2712 magni
1353 2661 1458 2702 bello
1489 2663 1635 2703 domiti
