1868 3093
782 178 1047 222 -13-

197 287 264 328 καὶ
285 286 428 338 ἀρετὴν
450 289 705 335 θαυμαστῶς,
738 286 1019 337 ἀγαπωμένου,
1055 284 1175 332 αὐτὸς
1202 285 1244 324 δὲ
1267 284 1419 337 ὑπῆρχε
1440 286 1544 336 λόγῳ
1566 286 1636 333 μὲν

199 351 427 398 δεινότατος
465 360 545 390 τῶν
586 352 819 401 ἡλικιωτῶν,
855 351 1018 401 πλούτῳ
1061 350 1103 389 δὲ
1149 353 1306 396 πάντας
1346 351 1438 397 τοῖς
1466 351 1638 396 πολίτας

200 415 469 470 ὑπερβάλλων,
522 417 694 469 μεγάλην
746 416 788 455 δὲ
841 415 1098 464 ἀξιοπιστίαν
1154 415 1254 464 ἔχων
1303 416 1369 453 καὶ.
1417 416 1519 453 κατὰ
1566 416 1638 460 τὰς

199 482 435 532 ὑποσχέσεις
465 484 519 522 ὢν
547 483 813 533 βεβαιότατος,
843 481 903 521 ἔτι
924 481 966 520 δὲ
991 482 1148 534 πλήρης
1168 481 1349 533 ειῖγενοῦς
1369 483 1636 534 φρονήματος.

305 549 356 590 At
375 550 479 593 sicui
501 550 604 590 haec
624 560 707 591 non
727 550 829 593 satis
845 559 1034 600 magnam
1049 549 1329 600 persuadendi
1345 548 1635 588 necessitatem

196 614 386 660 videntur
406 614 569 663 habere,
599 615 733 666 ipsius
764 625 932 667 quoque
954 613 1171 654 Posidonii
1201 614 1328 653 verba
1353 613 1448 653 licet
1468 623 1636 664 ponere.

198 678 444 734 Plutarchus·
457 681 564 720 enim
582 682 806 731 postquam
823 682 990 721 auctore
1005 678 1236 720 Posidonio
1250 681 1425 730 primum
1440 679 1494 719 M.
1510 676 1635 719 Clau-

198 745 321 792 dium,
369 744 499 784 Marci
540 745 680 792 filium,
712 745 961 797 cognomine
1003 744 1200 792 Marcelli,
1246 745 1286 783 id
1329 748 1392 784 est
1433 744 1635 790 bellicosi,

198 809 449 861 appellatum
491 821 586 850 esse
618 810 803 858 narravit,
834 820 940 862 quae
972 810 1024 850 de
1055 811 1175 852 huius
1207 821 1289 849 non
1320 810 1476 849 viribus
1508 809 1635 848 modo

197 875 236 915 et
279 874 376 915 belli
420 876 590 927 gerendi
642 885 719 915 usu
764 875 840 915 sed
883 875 1132 917 humanitate
1178 886 1346 926 quoque
1389 877 1428 915 et
1463 874 1636 915 scientia

196 940 399 980 literarum
437 939 688 981 Graecarum
724 941 790 980 ille
827 943 970 981 auctor
1006 943 1257 993 exposuerat
1294 942 1333 980 in
1365 952 1484 981 usum
1515 943 1637 980 vocat

197 1004 340 1057 (Marc.
373 1016 404 1045 c.
441 1004 479 1058 l)
497 1005 547 1058 ²):
587 998 662 1045 3Hv
703 1006 777 1058 γὰρ
819 1013 865 1058 τῇ
900 1005 972 1056 μὲν
1014 1004 1205 1058 ἐμπειρίᾳ
1245 1006 1474 1056 πολεμικός,
1507 1007 1562 1055 τῷ
1594 1003 1636 1043 ὁὲ

194 1073 349 1119 σώματι
370 1071 586 1122 ῥωμαλέος,
609 1080 654 1122 τῇ
677 1072 719 1110 δὲ
740 1073 843 1123 χειρὶ
864 1073 1053 1124 πλήκτης,
1076 1080 1122 1122 τῇ
1145 1072 1187 1110 δὲ
1209 1074 1327 1122 φύσει
1348 1071 1633 1122 φιλοπόλεμος,

194 1135 260 1174 καὶ
301 1137 427 1187 τούτῳ
471 1135 516 1188 δὴ
559 1137 663 1176 πολὺ
704 1137 748 1176 τὸ
789 1144 935 1191 γαῦρον
966 1137 1168 1190 ἀγέρωχον
1209 1136 1438 1189 ἐπιφαίνων
1474 1135 1514 1174 ἐν
1550 1142 1634 1181 τοῖς

195 1201 331 1251 ἀγῶσι,
354 1206 408 1252 τῷ
426 1202 468 1240 δὲ
482 1199 589 1254 ἄλλῳ
610 1204 750 1255 τρόπῳ
767 1207 952 1255 σώφρων,
966 1204 1280 1255 φιλάνθρωπος,
1293 1200 1516 1254 (λῖῖλληιίκῇξἱ
1531 1216 1630 1239 σται-

196 1266 304 1312 ὄείας
316 1267 382 1305 καὶ
395 1268 522 1317 λόγων
536 1265 630 1320 ἄχρι
655 1275 724 1306 τοῦ
745 1275 863 1317 τιμᾶν
887 1270 954 1306 καὶ
982 1268 1209 1318 θαυμάζειν
1224 1268 1315 1314 τοὺς
1327 1270 1632 1318 κατορθοῦντας

195 1330 365 1383 ἐραστής
380 1333 421 1381 ²),
468 1333 586 1379 αὐτὸς
634 1333 675 1372 δὲ
723 1332 793 1371 ὑπ’
839 1334 1035 1382 ἀσχολιῶν
1080 1332 1144 1384 ἐφ’
1185 1334 1276 1372 ὅσον
1323 1330 1366 1383 ἤι’
1415 1334 1632 1383 πρόθυμος

194 1395 361 1447 ἀσκῆσαι
389 1398 456 1434 καὶ
484 1400 635 1446 μαθεῖν
666 1398 735 1436 οὐκ
766 1397 1001 1447 ἐξικόμενος.

302 1462 421 1502 Nunc
452 1463 683 1503 recorderis
719 1464 841 1504 velim
883 1462 1078 1508 Sallustii,
1120 1464 1189 1514 qui
1235 1464 1393 1515 origine
1432 1461 1631 1503 Catilinae

195 1529 514 1567 commemorata
556 1529 744 1577 corporis
786 1529 895 1569 vires
933 1530 972 1568 et
1005 1528 1221 1571 facultates
1252 1528 1420 1580 ingenio
1463 1528 1553 1567 eius
1595 1530 1634 1566 et

194 1592 331 1632 animo
367 1592 421 1632 ita
457 1594 653 1644 opponit:
693 1592 855 1643 Corpus
888 1595 1053 1645 patiens
1088 1594 1250 1634 inediae
1286 1594 1443 1646 algoris
1473 1593 1635 1645 vigiliae

192 1668 322 1707 supra
352 1669 475 1708 quam
507 1660 696 1709 cuiquam
727 1659 920 1699 credibile
949 1662 1019 1699 est.
1067 1659 1235 1699 Animus
1266 1660 1409 1700 audax
1433 1658 1633 1699 subdolus

193 1723 332 1763 varius
362 1754 369 1761 .
401 1754 408 1762 .
438 1755 446 1762 .
505 1721 757 1764 Simillimam
780 1725 846 1763 hic
869 1725 1133 1764 describendi
1155 1725 1354 1764 rationem
1376 1724 1632 1774 deprehendi

192 1798 275 1826 non
307 1788 492 1840 negabis.

303 1851 413 1899 Quid
456 1854 571 1903 quod
613 1854 779 1905 longius
815 1855 1009 1906 progredi
1047 1855 1150 1894 licet.
1209 1854 1491 1894 Demonstrati
1524 1855 1631 1893 enim

192 1918 331 1968 potest
361 1928 411 1958 ne
436 1919 658 1970 συγκρίσεις
688 1919 855 1970 quidem
887 1929 991 1971 quas
1021 1921 1173 1959 vocant
1202 1930 1226 1959 a
1247 1918 1479 1959 Posidonio
1501 1919 1631 1959 fuisse

192 1983 388 2022 absonas.
441 1983 552 2023 ldem
584 1985 690 2023 enim
714 1984 955 2025 Plutarchus
986 1996 1247 2036 componens
1269 1987 1372 2025 inter
1392 1996 1439 2024 se
1461 1985 1630 2024 Fabium

191 2047 417 2093 Maximum
459 2050 498 2088 et
537 2049 790 2099 Marcellum,
832 2051 1099 2101 imperatores
1141 2052 1224 2090 tum
1261 2050 1630 2101 praeclarissimos,

192 2113 261 2163 qui
299 2113 464 2153 diversa
500 2115 630 2155 secuti
662 2126 802 2166 parem
834 2115 997 2156 laudem
1028 2115 1166 2166 adepti
1198 2117 1312 2155 erant
1327 2115 1371 2167 3),
1406 2117 1629 2165 postquam

192 2179 300 2219 hunc
336 2190 459 2219 manu
495 2182 729 2230 promptum
767 2183 806 2221 et
840 2181 1052 2233 pugnandi
1089 2181 1298 2231 cupidum,
1334 2181 1445 2220 illum
1477 2181 1628 2220 lentum

192 2245 232 2283 et
261 2245 539 2285 cunctatorem
571 2246 806 2293 nominavit,
837 2246 970 2297 pergit
999 2246 1052 2285 ita
1082 2244 1194 2297 (Fab.
1226 2245 1335 2284 Max.
1367 2256 1399 2284 c.
1425 2245 1483 2292 19,
1502 2244 1629 2295 17)4):

301 2331 324 2372 ¹)
348 2330 627 2374 Miiller‚·tragm.
652 2332 729 2366 hist.
755 2331 881 2367 Graec.
905 2332 952 2373 111,
977 2341 1056 2374 pag.
1080 2332 1154 2371 270,
1167 2331 1219 2364 43.

301 2386 325 2426 2“)
351 2385 473 2419 confer
501 2385 701 2419 Sallustium
737 2387 782 2420 de
807 2386 1017 2428 Sempronia
1052 2385 1141 2428 (Cat.
1166 2386 1219 2424 25,
1231 2385 1266 2427 2)
1291 2386 1485 2418 dicentem:
1516 2386 1629 2418 literis

192 2438 342 2473 Graecis
371 2441 406 2473 et
426 2440 566 2473 Latim's
589 2441 704 2482 docta,
726 2441 885 2484 psallere
908 2442 943 2474 et
963 2440 1097 2474 saltare
1121 2439 1323 2482 elegantius
1352 2448 1460 2481 quam
1486 2448 1631 2473 necesse

190 2495 244 2527 est
261 2494 399 2535 probae
424 2521 429 2527 .
456 2519 463 2526 .
488 2518 495 2524 .

300 2549 326 2588 ²³)
361 2548 443 2581 Fab.
478 2548 573 2582 Max.
609 2558 636 2582 c.
677 2550 725 2591 19,
749 2550 784 2583 5:
827 2552 895 2581 ἀπὸ
942 2556 997 2589 τῆ»1
1042 2550 1191 2581 ἐναντίας
1238 2547 1358 2587 σχεδὸν
1405 2552 1630 2590 προαιρέσεω-

190 2601 449 2643 θαυμαζόμενοι
472 2603 720 2646 παραπλησίως.

299 2659 326 2699 ⁴)
350 2659 485 2700 Mulier,
509 2660 565 2693 1.1.
591 2669 672 2703 pag.
696 2661 770 2700 270,
783 2661 835 2694 44.
