1868 3093
807 121 1073 159 —47-

220 231 260 271 in
306 230 458 270 ltaliam
508 228 783 269 descendisse
834 230 873 269 et
920 228 1184 269 Etruscorum
1234 229 1438 269 exercitus
1485 229 1656 270 fudisse.

220 294 409 342 Quorum
449 294 602 334 deinde
632 304 739 345 opes
769 294 932 345 lateque
967 295 1116 345 patens
1145 294 1361 344 imperium
1392 294 1657 333 describendi

220 360 490 400 occasionem
547 359 696 409 arripit,
751 359 939 399 nimirum
985 360 1028 399 ut
1068 359 1261 410 explicet,
1310 359 1526 410 quomodo
1570 358 1657 398 fieri

220 425 409 476 potuerit,
439 426 483 464 ut
511 435 563 464 eo
594 424 646 463 de
677 435 761 475 quo
791 425 876 476 agit
903 426 1090 475 tempore
1112 423 1285 467 Romani
1307 422 1441 465 Gallis
1463 434 1658 464 succum-

220 491 364 531 berent
392 489 475 543 (33,
496 489 660 543 7—11).
712 489 905 542 Denique
935 501 1042 542 quae
1072 491 1164 541 ipse
1186 491 1348 541 accepit
1369 490 1421 531 de
1443 488 1658 531 Gallorum

221 556 531 597 incursionibus
551 556 668 597 addit
687 554 740 609 (c.
760 556 841 606 34).
890 555 951 597 Eo
977 556 1097 609 igitur
1127 558 1166 597 in
1188 556 1331 608 primis
1352 556 1658 608 expositionem

220 623 326 662 hanc
368 623 421 661 ab
462 622 803 662 adnotationibus
843 622 924 662 illis
967 622 1131 662 differre
1173 622 1213 661 in
1254 624 1397 672 aperto
1428 623 1502 669 est,
1544 622 1658 672 quod

221 698 328 738 quae
371 687 594 728 refutantur
623 689 663 727 et
691 687 948 738 corriguntur
977 687 1030 727 ad
1061 688 1198 738 priora
1227 689 1415 737 tempora
1445 687 1659 737 pertinent.

221 750 346 799 Quod
389 763 472 803 quo
515 752 693 792 consilio
736 751 891 791 Livium
930 752 1233 803 interposuisse
1265 751 1493 802 putemus?
1550 750 1659 791 Sane

222 828 328 869 quae
358 817 524 871 vulgata
554 817 751 870 opinione
783 817 835 857 de
858 815 1072 859 Gallorum
1103 817 1412 858 incursionibus
1436 816 1544 858 falso
1567 828 1657 857 cre-

221 883 423 924 debantur
463 884 592 924 voluit
633 884 807 932 reicere3
853 884 893 924 in
934 884 1077 935 primis
1119 886 1254 924 autem
1296 884 1337 924 id
1380 884 1476 924 mihi
1520 884 1659 936 egisse

220 950 390 997 videtur,
432 951 475 989 ut
516 950 676 989 mediae
714 949 769 989 illi
802 950 1071 1000 descriptioni
1103 950 1155 989 ad
1187 948 1465 991 Romanorum
1498 949 1659 989 cladem

220 1015 502 1056 excusandam
535 1016 713 1055 idoneae
744 1015 881 1055 locum
912 1016 1084 1066 pararet.

329 1079 632 1120 Adnotationes
673 1082 807 1120 autem
850 1080 942 1120 illas
983 1091 1066 1119 non
1097 1081 1253 1131 primus
1285 1080 1423 1119 Livius
1464 1080 1660 1119 adhibuit.

222 1145 437 1185 Annalium
468 1145 576 1185 enim
607 1146 833 1197 scriptores
863 1144 1075 1188 Romanos
1116 1146 1156 1185 in
1193 1145 1277 1185 fine
1308 1145 1551 1185 narrationis
1581 1145 1660 1185 alia

221 1221 244 1250 a
273 1210 357 1250 fide
399 1211 520 1251 nimis
562 1211 695 1251 aliena
737 1212 943 1258 reiecisse,
985 1211 1064 1257 alia
1104 1212 1207 1250 inter
1244 1211 1470 1261 scriptores
1500 1212 1658 1251 discre-

221 1276 360 1326 pantia
401 1276 440 1315 in
482 1276 611 1316 dubio
654 1276 851 1327 posuisse
893 1276 1047 1316 docent
1086 1278 1126 1316 et
1166 1275 1391 1323 Diodorus,
1433 1277 1502 1327 qui
1538 1277 1577 1315 in
1609 1287 1659 1316 ea

222 1341 479 1380 historiarum
511 1343 636 1391 parte,
666 1341 735 1380 ubi
766 1341 936 1381 annales
960 1340 1169 1383 Romanos
1191 1341 1398 1388 exscribit,
1421 1341 1658 1381 adnotatio-

222 1406 343 1445 nibus
375 1406 504 1453 utitur,
539 1405 650 1445 velut
677 1405 760 1445 Vlll
795 1406 892 1453 14,1
927 1405 1101 1445 Numam
1133 1406 1402 1446 contendisse
1432 1406 1658 1446 nonnullos

222 1469 478 1523 Pythagorae
519 1470 649 1511 fuisse
691 1471 941 1522 discipulum
984 1473 1277 1511 commemorat
1318 1473 1357 1512 et
1394 1470 1483 1512 XlV
1516 1471 1603 1519 116,
1632 1471 1659 1511 9

222 1548 317 1575 num
348 1537 545 1576 matronis
575 1536 772 1578 Romanis
803 1538 939 1576 honos
961 1536 1125 1576 habitus
1147 1537 1199 1576 sit
1219 1537 1259 1576 in
1280 1537 1435 1576 incerto
1458 1537 1658 1587 relinquit,

222 1603 260 1640 et
290 1599 520 1653 Dionysius
550 1601 647 1649 Hal„
679 1601 747 1652 qui
770 1600 801 1653 (1
821 1601 893 1654 59)
914 1601 1101 1649 Numam,
1131 1602 1171 1641 id
1194 1602 1308 1652 quod
1330 1601 1484 1641 Livium
1504 1601 1658 1642 fecisse

221 1667 412 1714 vidimus,
453 1677 477 1706 a
520 1665 752 1718 Pythagora
792 1667 993 1707 eruditum
1036 1677 1132 1707 esse
1177 1669 1319 1719 negat:
1361 1678 1445 1717 quo
1489 1669 1660 1718 apparet

222 1731 391 1772 easdem
433 1742 561 1782 saepe
592 1732 884 1771 adnotationes
920 1743 1001 1771 una
1043 1743 1135 1772 cum
1181 1733 1411 1771 narratione
1453 1733 1658 1771 annalium

222 1785 447 1846 scriptores
477 1797 699 1836 tradidisse
717 1796 759 1848 l).
1357 1809 1361 1813 ’

332 1861 443 1901 ldem
472 1861 557 1903 fere
589 1862 703 1913 quod
745 1862 797 1902 de
839 1862 944 1902 locis
980 1862 1115 1903 adhuc
1147 1862 1290 1910 allatis,
1322 1863 1391 1913 qui
1423 1873 1546 1913 quam
1577 1873 1659 1902 non

222 1927 275 1966 ad
297 1937 362 1967 res
386 1928 567 1967 narratas
588 1927 751 1967 valeant
770 1928 1026 1980 intellegitur,
1048 1928 1310 1968 statuendum
1341 1929 1413 1968 erit
1439 1929 1490 1968 de
1515 1929 1661 1979 paucis

223 1992 325 2041 aliis,
367 1993 638 2044 amplioribus
680 1994 847 2044 quidem
890 1995 930 2034 et
970 1994 1039 2044 qui
1081 1994 1134 2034 ad
1171 1995 1443 2035 narrationem
1476 1994 1658 2034 nonnihil

223 2059 437 2098 videantur
466 2060 679 2110 pertinere.

331 2124 428 2164 Tria
458 2125 546 2164 eius
578 2125 633 2164 rei
665 2124 855 2175 exempla
875 2135 921 2165 se
944 2124 1130 2164 offerunt.
1173 2124 1222 2172 Q.
1244 2125 1413 2164 Fabium
1435 2125 1658 2164 Maximum

334 2265 358 2305 ¹)
382 2263 483 2298 Conf.
508 2264 569 2297 Ed.
594 2264 777 2304 Schwartz,
802 2264 885 2298 Enc.
911 2264 1006 2301 Real.
1032 2265 1071 2306 V,
1096 2266 1162 2300 col.
1179 2265 1254 2306 956,
1271 2265 1323 2298 24.
1350 2265 1496 2305 „Livius,
1522 2265 1585 2298 der
1602 2266 1659 2298 die

224 2317 437 2353 Geschichte
461 2319 699 2352 vornehmlich
734 2319 786 2352 als
810 2319 971 2352 Kiinstler
1005 2313 1206 2360 behandelt,
1243 2320 1352 2353 streut
1380 2319 1485 2352 kurze
1509 2318 1660 2353 Notizen

223 2373 289 2415 ein,
314 2374 408 2407 ohne
432 2373 485 2407 sie
508 2373 787 2414 einzuarbeiten;
822 2382 860 2407 er
892 2374 960 2407 will
995 2374 1295 2416 gewissermassen
1331 2374 1376 2406 ab
1412 2373 1483 2406 und
1511 2383 1554 2406 zu
1579 2374 1661 2408 dem

224 2428 330 2461 Leser
354 2429 457 2461 einen
480 2429 639 2467 raschen,
674 2437 737 2461 nur
771 2428 1038 2469 interessanten,
1063 2429 1157 2461 nicht
1179 2427 1420 2461 belehrenden
1445 2427 1604 2461 Einblick
1627 2429 1661 2462 in

223 2482 290 2515 das
315 2481 475 2524 Gewoge
507 2482 570 2515 der
592 2476 861 2525 Uberlieferung
884 2482 1002 2525 geben
1028 2508 1034 2515 .
1059 2508 1067 2516 .
1090 2508 1098 2516 .
1123 2483 1189 2516 col.
1212 2482 1287 2521 957,
1314 2482 1345 2513 l:
1381 2481 1465 2515 Eins
1497 2481 1542 2515 ist
1577 2483 1664 2516 aber

224 2539 323 2570 unter
346 2537 435 2570 allen
460 2536 679 2571 Umstanden
704 2547 746 2570 zu
772 2538 964 2571 beachten:
989 2537 1047 2570 die
1072 2536 1424 2577 Variantenangaben
1455 2536 1536 2570 sind
1559 2538 1663 2571 trala-

222 2591 357 2633 ticisch,
385 2619 390 2625 .
409 2618 416 2625 .
434 2594 461 2625 ‚⁴⁴
