<?xml version="1.0" encoding="UTF-8"?>
<!DOCTYPE html PUBLIC "-//W3C//DTD XHTML 1.0 Transitional//EN"
    "http://www.w3.org/TR/xhtml1/DTD/xhtml1-transitional.dtd">
<html xmlns="http://www.w3.org/1999/xhtml" xml:lang="en" lang="en">
 <head>
  <title>
</title>
<meta http-equiv="Content-Type" content="text/html;charset=utf-8" />
  <meta name='ocr-system' content='tesseract 3.04.00' />
  <meta name='ocr-capabilities' content='ocr_page ocr_carea ocr_par ocr_line ocrx_word'/>
</head>
<body>
  <div class='ocr_page' id='page_1' title='image "4737250_0026.png"; bbox 0 0 1868 3093; ppageno 0'>
   <div class='ocr_carea' id='block_1_1' title="bbox 825 205 1098 245">
    <p class='ocr_par' dir='ltr' id='par_1_1' title="bbox 825 205 1098 245">
     <span class='ocr_line' id='line_1_1' title="bbox 825 205 1098 245; baseline 0 -12"><span class='ocrx_word' id='word_1_1' title='bbox 825 205 1098 245; x_wconf 78' lang='lat'>-18-</span> 
     </span>
    </p>
   </div>
   <div class='ocr_carea' id='block_1_2' title="bbox 236 311 1685 2256">
    <p class='ocr_par' dir='ltr' id='par_1_2' title="bbox 236 311 1685 2256">
     <span class='ocr_line' id='line_1_2' title="bbox 236 311 1684 367; baseline 0.002 -14"><span class='ocrx_word' id='word_1_2' title='bbox 236 324 344 365; x_wconf 91' lang='lat' dir='ltr'>quae</span> <span class='ocrx_word' id='word_1_3' title='bbox 378 311 561 354; x_wconf 83' lang='lat' dir='ltr'>Sallustii</span> <span class='ocrx_word' id='word_1_4' title='bbox 592 313 732 354; x_wconf 90' lang='lat' dir='ltr'>animo</span> <span class='ocrx_word' id='word_1_5' title='bbox 763 316 802 354; x_wconf 92' lang='lat' dir='ltr'>et</span> <span class='ocrx_word' id='word_1_6' title='bbox 832 315 871 354; x_wconf 90' lang='lat' dir='ltr'>in</span> <span class='ocrx_word' id='word_1_7' title='bbox 904 312 1080 355; x_wconf 82' lang='lat' dir='ltr'>Catilina</span> <span class='ocrx_word' id='word_1_8' title='bbox 1110 315 1150 354; x_wconf 91' lang='lat' dir='ltr'>et</span> <span class='ocrx_word' id='word_1_9' title='bbox 1180 315 1220 354; x_wconf 89' lang='lat' dir='ltr'>in</span> <span class='ocrx_word' id='word_1_10' title='bbox 1242 313 1432 367; x_wconf 87' lang='lat' dir='ltr'>Iugurtha</span> <span class='ocrx_word' id='word_1_11' title='bbox 1463 316 1684 357; x_wconf 90' lang='lat' dir='ltr'>observata</span> 
     </span>
     <span class='ocr_line' id='line_1_3' title="bbox 237 379 1684 431; baseline 0.002 -13"><span class='ocrx_word' id='word_1_12' title='bbox 237 381 311 427; x_wconf 87' lang='lat' dir='ltr'>est,</span> <span class='ocrx_word' id='word_1_13' title='bbox 341 380 411 419; x_wconf 92' lang='lat' dir='ltr'>ubi</span> <span class='ocrx_word' id='word_1_14' title='bbox 443 379 695 419; x_wconf 91' lang='lat' dir='ltr'>simillimum</span> <span class='ocrx_word' id='word_1_15' title='bbox 727 380 767 419; x_wconf 90' lang='lat' dir='ltr'>in</span> <span class='ocrx_word' id='word_1_16' title='bbox 790 380 960 420; x_wconf 91' lang='lat' dir='ltr'>modum</span> <span class='ocrx_word' id='word_1_17' title='bbox 991 380 1145 431; x_wconf 89' lang='lat' dir='ltr'>quibus</span> <span class='ocrx_word' id='word_1_18' title='bbox 1172 380 1398 420; x_wconf 85' lang='lat' dir='ltr'>discordiis</span> <span class='ocrx_word' id='word_1_19' title='bbox 1429 391 1494 420; x_wconf 92' lang='lat' dir='ltr'>res</span> <span class='ocrx_word' id='word_1_20' title='bbox 1515 381 1684 431; x_wconf 90' lang='lat' dir='ltr'>publica</span> 
     </span>
     <span class='ocr_line' id='line_1_4' title="bbox 238 444 1683 496; baseline 0 -10"><span class='ocrx_word' id='word_1_21' title='bbox 238 444 424 487; x_wconf 83' lang='lat' dir='ltr'>Romana</span> <span class='ocrx_word' id='word_1_22' title='bbox 455 444 677 484; x_wconf 90' lang='lat' dir='ltr'>dilacerata</span> <span class='ocrx_word' id='word_1_23' title='bbox 719 445 772 485; x_wconf 90' lang='lat' dir='ltr'>sit</span> <span class='ocrx_word' id='word_1_24' title='bbox 812 446 1005 485; x_wconf 88' lang='lat' dir='ltr'>enarrat.“</span> <span class='ocrx_word' id='word_1_25' title='bbox 1077 444 1212 485; x_wconf 90' lang='lat' dir='ltr'>Prima</span> <span class='ocrx_word' id='word_1_26' title='bbox 1253 455 1353 485; x_wconf 90' lang='lat' dir='ltr'>sane</span> <span class='ocrx_word' id='word_1_27' title='bbox 1396 446 1539 496; x_wconf 89' lang='lat' dir='ltr'>specie</span> <span class='ocrx_word' id='word_1_28' title='bbox 1580 447 1683 486; x_wconf 90' lang='lat' dir='ltr'>haec</span> 
     </span>
     <span class='ocr_line' id='line_1_5' title="bbox 237 510 1683 562; baseline 0.001 -13"><span class='ocrx_word' id='word_1_29' title='bbox 237 511 414 549; x_wconf 88' lang='lat' dir='ltr'>maxime</span> <span class='ocrx_word' id='word_1_30' title='bbox 445 510 622 560; x_wconf 84' lang='lat' dir='ltr'>placent.</span> <span class='ocrx_word' id='word_1_31' title='bbox 681 510 785 549; x_wconf 90' lang='lat' dir='ltr'>Nam</span> <span class='ocrx_word' id='word_1_32' title='bbox 818 513 860 549; x_wconf 93' lang='lat' dir='ltr'>ut</span> <span class='ocrx_word' id='word_1_33' title='bbox 881 511 1116 550; x_wconf 92' lang='lat' dir='ltr'>omittamus</span> <span class='ocrx_word' id='word_1_34' title='bbox 1147 511 1169 549; x_wconf 91' lang='lat' dir='ltr'>l.</span> <span class='ocrx_word' id='word_1_35' title='bbox 1191 510 1237 549; x_wconf 88' lang='lat'>111</span> <span class='ocrx_word' id='word_1_36' title='bbox 1260 521 1293 549; x_wconf 94' lang='lat' dir='ltr'>c.</span> <span class='ocrx_word' id='word_1_37' title='bbox 1313 510 1367 549; x_wconf 90' lang='lat'>84</span> <span class='ocrx_word' id='word_1_38' title='bbox 1386 510 1494 550; x_wconf 86' lang='lat' dir='ltr'>falso</span> <span class='ocrx_word' id='word_1_39' title='bbox 1515 510 1683 562; x_wconf 92' lang='lat' dir='ltr'>Thucy-</span> 
     </span>
     <span class='ocr_line' id='line_1_6' title="bbox 237 572 1685 627; baseline 0.002 -14"><span class='ocrx_word' id='word_1_40' title='bbox 237 575 349 614; x_wconf 91' lang='lat' dir='ltr'>didis</span> <span class='ocrx_word' id='word_1_41' title='bbox 380 575 535 614; x_wconf 91' lang='lat' dir='ltr'>nomini</span> <span class='ocrx_word' id='word_1_42' title='bbox 568 574 835 626; x_wconf 88' lang='lat' dir='ltr'>adscriptum,</span> <span class='ocrx_word' id='word_1_43' title='bbox 871 585 978 627; x_wconf 89' lang='lat' dir='ltr'>quae</span> <span class='ocrx_word' id='word_1_44' title='bbox 1008 585 1032 615; x_wconf 91' lang='lat' dir='ltr'>a</span> <span class='ocrx_word' id='word_1_45' title='bbox 1062 572 1259 616; x_wconf 87' lang='lat' dir='ltr'>Sallustio</span> <span class='ocrx_word' id='word_1_46' title='bbox 1303 573 1388 617; x_wconf 89' lang='lat' dir='ltr'>Cat.</span> <span class='ocrx_word' id='word_1_47' title='bbox 1420 586 1452 617; x_wconf 91' lang='lat' dir='ltr'>c.</span> <span class='ocrx_word' id='word_1_48' title='bbox 1474 574 1546 624; x_wconf 84' lang='grc'>38,</span> <span class='ocrx_word' id='word_1_49' title='bbox 1575 575 1685 616; x_wconf 89' lang='grc'>3-4</span> 
     </span>
     <span class='ocr_line' id='line_1_7' title="bbox 237 641 1682 694; baseline -0.001 -13"><span class='ocrx_word' id='word_1_50' title='bbox 237 642 427 694; x_wconf 89' lang='lat' dir='ltr'>leguntur</span> <span class='ocrx_word' id='word_1_51' title='bbox 456 642 491 681; x_wconf 89' lang='lat' dir='ltr'>si</span> <span class='ocrx_word' id='word_1_52' title='bbox 518 652 612 681; x_wconf 91' lang='lat' dir='ltr'>cum</span> <span class='ocrx_word' id='word_1_53' title='bbox 644 642 696 681; x_wconf 89' lang='lat' dir='ltr'>iis</span> <span class='ocrx_word' id='word_1_54' title='bbox 721 642 1025 692; x_wconf 87' lang='lat' dir='ltr'>componimus,</span> <span class='ocrx_word' id='word_1_55' title='bbox 1051 653 1158 692; x_wconf 89' lang='lat' dir='ltr'>quae</span> <span class='ocrx_word' id='word_1_56' title='bbox 1184 642 1445 692; x_wconf 86' lang='lat' dir='ltr'>proferuntur</span> <span class='ocrx_word' id='word_1_57' title='bbox 1467 652 1491 681; x_wconf 91' lang='lat' dir='ltr'>a</span> <span class='ocrx_word' id='word_1_58' title='bbox 1515 641 1682 692; x_wconf 90' lang='lat' dir='ltr'>Thucy—</span> 
     </span>
     <span class='ocr_line' id='line_1_8' title="bbox 237 706 1682 756; baseline -0.001 -11"><span class='ocrx_word' id='word_1_59' title='bbox 237 706 334 745; x_wconf 92' lang='lat' dir='ltr'>dide</span> <span class='ocrx_word' id='word_1_60' title='bbox 367 717 400 745; x_wconf 93' lang='lat' dir='ltr'>c.</span> <span class='ocrx_word' id='word_1_61' title='bbox 430 706 494 753; x_wconf 90' lang='lat'>82,</span> <span class='ocrx_word' id='word_1_62' title='bbox 524 706 560 753; x_wconf 90' lang='lat'>8,</span> <span class='ocrx_word' id='word_1_63' title='bbox 598 706 908 746; x_wconf 90' lang='lat' dir='ltr'>similitudinem</span> <span class='ocrx_word' id='word_1_64' title='bbox 947 707 1155 756; x_wconf 91' lang='lat' dir='ltr'>quandam</span> <span class='ocrx_word' id='word_1_65' title='bbox 1198 706 1383 745; x_wconf 92' lang='lat' dir='ltr'>locorum</span> <span class='ocrx_word' id='word_1_66' title='bbox 1426 706 1682 756; x_wconf 87' lang='lat' dir='ltr'>deprehendi</span> 
     </span>
     <span class='ocr_line' id='line_1_9' title="bbox 237 770 1680 821; baseline 0 -11"><span class='ocrx_word' id='word_1_67' title='bbox 237 772 277 810; x_wconf 90' lang='lat' dir='ltr'>in</span> <span class='ocrx_word' id='word_1_68' title='bbox 309 772 454 821; x_wconf 90' lang='lat' dir='ltr'>aperto</span> <span class='ocrx_word' id='word_1_69' title='bbox 485 774 559 810; x_wconf 87' lang='lat' dir='ltr'>est.</span> <span class='ocrx_word' id='word_1_70' title='bbox 616 770 763 821; x_wconf 91' lang='lat' dir='ltr'>Neque</span> <span class='ocrx_word' id='word_1_71' title='bbox 794 781 904 818; x_wconf 90' lang='lat' dir='ltr'>vero,</span> <span class='ocrx_word' id='word_1_72' title='bbox 946 773 989 810; x_wconf 93' lang='lat' dir='ltr'>ut</span> <span class='ocrx_word' id='word_1_73' title='bbox 1029 771 1283 811; x_wconf 83' lang='lat' dir='ltr'>concedatur</span> <span class='ocrx_word' id='word_1_74' title='bbox 1312 771 1539 811; x_wconf 90' lang='lat' dir='ltr'>sententias</span> <span class='ocrx_word' id='word_1_75' title='bbox 1576 782 1680 810; x_wconf 91' lang='lat' dir='ltr'>non-</span> 
     </span>
     <span class='ocr_line' id='line_1_10' title="bbox 237 834 1684 887; baseline 0 -12"><span class='ocrx_word' id='word_1_76' title='bbox 237 836 372 876; x_wconf 91' lang='lat' dir='ltr'>nullas</span> <span class='ocrx_word' id='word_1_77' title='bbox 399 834 639 876; x_wconf 85' lang='lat' dir='ltr'>Sallustium</span> <span class='ocrx_word' id='word_1_78' title='bbox 665 846 762 875; x_wconf 87' lang='lat' dir='ltr'>esse</span> <span class='ocrx_word' id='word_1_79' title='bbox 788 837 1024 882; x_wconf 90' lang='lat' dir='ltr'>mutuatum,</span> <span class='ocrx_word' id='word_1_80' title='bbox 1049 836 1221 875; x_wconf 88' lang='lat' dir='ltr'>formam</span> <span class='ocrx_word' id='word_1_81' title='bbox 1247 836 1381 886; x_wconf 90' lang='lat' dir='ltr'>ipsius</span> <span class='ocrx_word' id='word_1_82' title='bbox 1407 836 1684 887; x_wconf 88' lang='lat' dir='ltr'>digressionis</span> 
     </span>
     <span class='ocr_line' id='line_1_11' title="bbox 237 900 1683 952; baseline 0.001 -13"><span class='ocrx_word' id='word_1_83' title='bbox 237 903 276 940; x_wconf 89' lang='lat' dir='ltr'>et</span> <span class='ocrx_word' id='word_1_84' title='bbox 320 901 518 939; x_wconf 89' lang='lat' dir='ltr'>rationem</span> <span class='ocrx_word' id='word_1_85' title='bbox 563 900 798 951; x_wconf 88' lang='lat' dir='ltr'>Thucydidi</span> <span class='ocrx_word' id='word_1_86' title='bbox 844 911 935 940; x_wconf 92' lang='lat' dir='ltr'>eum</span> <span class='ocrx_word' id='word_1_87' title='bbox 979 900 1132 940; x_wconf 88' lang='lat' dir='ltr'>debere</span> <span class='ocrx_word' id='word_1_88' title='bbox 1174 901 1395 952; x_wconf 89' lang='lat' dir='ltr'>quisquam</span> <span class='ocrx_word' id='word_1_89' title='bbox 1437 902 1545 941; x_wconf 91' lang='lat' dir='ltr'>recte</span> <span class='ocrx_word' id='word_1_90' title='bbox 1587 901 1683 941; x_wconf 91' lang='lat' dir='ltr'>inde</span> 
     </span>
     <span class='ocr_line' id='line_1_12' title="bbox 238 966 1681 1019; baseline 0.001 -14"><span class='ocrx_word' id='word_1_91' title='bbox 238 967 415 1018; x_wconf 91' lang='lat' dir='ltr'>colliget,</span> <span class='ocrx_word' id='word_1_92' title='bbox 447 977 539 1006; x_wconf 92' lang='lat' dir='ltr'>cum</span> <span class='ocrx_word' id='word_1_93' title='bbox 571 966 693 1017; x_wconf 92' lang='lat' dir='ltr'>plane</span> <span class='ocrx_word' id='word_1_94' title='bbox 727 966 935 1006; x_wconf 90' lang='lat' dir='ltr'>diversum</span> <span class='ocrx_word' id='word_1_95' title='bbox 962 968 1016 1006; x_wconf 89' lang='lat' dir='ltr'>sit</span> <span class='ocrx_word' id='word_1_96' title='bbox 1044 967 1156 1017; x_wconf 91' lang='lat' dir='ltr'>apud</span> <span class='ocrx_word' id='word_1_97' title='bbox 1179 969 1394 1017; x_wconf 87' lang='lat' dir='ltr'>utrumque</span> <span class='ocrx_word' id='word_1_98' title='bbox 1425 977 1558 1019; x_wconf 91' lang='lat' dir='ltr'>genus</span> <span class='ocrx_word' id='word_1_99' title='bbox 1589 977 1681 1006; x_wconf 90' lang='lat' dir='ltr'>nar-</span> 
     </span>
     <span class='ocr_line' id='line_1_13' title="bbox 237 1031 1683 1084; baseline 0.001 -13"><span class='ocrx_word' id='word_1_100' title='bbox 237 1033 365 1072; x_wconf 91' lang='lat' dir='ltr'>randi.</span> <span class='ocrx_word' id='word_1_101' title='bbox 424 1031 610 1071; x_wconf 86' lang='lat' dir='ltr'>Excursu</span> <span class='ocrx_word' id='word_1_102' title='bbox 641 1032 810 1083; x_wconf 90' lang='lat' dir='ltr'>quidem</span> <span class='ocrx_word' id='word_1_103' title='bbox 840 1031 1122 1084; x_wconf 88' lang='lat' dir='ltr'>Thucydides,</span> <span class='ocrx_word' id='word_1_104' title='bbox 1164 1033 1233 1083; x_wconf 93' lang='lat' dir='ltr'>qui</span> <span class='ocrx_word' id='word_1_105' title='bbox 1276 1032 1328 1072; x_wconf 93' lang='lat' dir='ltr'>de</span> <span class='ocrx_word' id='word_1_106' title='bbox 1357 1034 1589 1083; x_wconf 93' lang='lat' dir='ltr'>temporum</span> <span class='ocrx_word' id='word_1_107' title='bbox 1620 1032 1683 1071; x_wconf 86' lang='lat' dir='ltr'>in-</span> 
     </span>
     <span class='ocr_line' id='line_1_14' title="bbox 239 1097 1683 1147; baseline 0.001 -11"><span class='ocrx_word' id='word_1_108' title='bbox 239 1098 334 1137; x_wconf 90' lang='lat' dir='ltr'>dole</span> <span class='ocrx_word' id='word_1_109' title='bbox 367 1100 405 1136; x_wconf 88' lang='lat' dir='ltr'>et</span> <span class='ocrx_word' id='word_1_110' title='bbox 436 1098 487 1136; x_wconf 92' lang='lat' dir='ltr'>de</span> <span class='ocrx_word' id='word_1_111' title='bbox 520 1099 626 1136; x_wconf 92' lang='lat' dir='ltr'>statu</span> <span class='ocrx_word' id='word_1_112' title='bbox 662 1098 718 1136; x_wconf 92' lang='lat' dir='ltr'>rei</span> <span class='ocrx_word' id='word_1_113' title='bbox 764 1097 958 1147; x_wconf 90' lang='lat' dir='ltr'>publicae</span> <span class='ocrx_word' id='word_1_114' title='bbox 1001 1099 1040 1136; x_wconf 93' lang='lat' dir='ltr'>et</span> <span class='ocrx_word' id='word_1_115' title='bbox 1081 1098 1172 1137; x_wconf 92' lang='lat' dir='ltr'>aliis</span> <span class='ocrx_word' id='word_1_116' title='bbox 1218 1098 1269 1137; x_wconf 94' lang='lat' dir='ltr'>de</span> <span class='ocrx_word' id='word_1_117' title='bbox 1313 1097 1437 1137; x_wconf 90' lang='lat' dir='ltr'>rebus</span> <span class='ocrx_word' id='word_1_118' title='bbox 1478 1097 1683 1137; x_wconf 89' lang='lat' dir='ltr'>similibus</span> 
     </span>
     <span class='ocr_line' id='line_1_15' title="bbox 239 1162 1685 1212; baseline -0.001 -10"><span class='ocrx_word' id='word_1_119' title='bbox 239 1163 498 1202; x_wconf 88' lang='lat' dir='ltr'>orationibus</span> <span class='ocrx_word' id='word_1_120' title='bbox 513 1163 677 1202; x_wconf 90' lang='lat' dir='ltr'>insertis</span> <span class='ocrx_word' id='word_1_121' title='bbox 693 1163 844 1201; x_wconf 91' lang='lat' dir='ltr'>docere</span> <span class='ocrx_word' id='word_1_122' title='bbox 861 1162 1076 1212; x_wconf 86' lang='lat' dir='ltr'>solet‚¹)de</span> <span class='ocrx_word' id='word_1_123' title='bbox 1094 1163 1387 1202; x_wconf 79' lang='lat' dir='ltr'>certaminibus</span> <span class='ocrx_word' id='word_1_124' title='bbox 1405 1162 1596 1202; x_wconf 91' lang='lat' dir='ltr'>civilibus</span> <span class='ocrx_word' id='word_1_125' title='bbox 1610 1172 1685 1212; x_wconf 90' lang='lat' dir='ltr'>per</span> 
     </span>
     <span class='ocr_line' id='line_1_16' title="bbox 239 1225 1684 1278; baseline 0 -12"><span class='ocrx_word' id='word_1_126' title='bbox 239 1238 362 1267; x_wconf 91' lang='lat' dir='ltr'>omne</span> <span class='ocrx_word' id='word_1_127' title='bbox 378 1227 531 1266; x_wconf 87' lang='lat' dir='ltr'>bellum</span> <span class='ocrx_word' id='word_1_128' title='bbox 548 1225 767 1267; x_wconf 87' lang='lat' dir='ltr'>Graeciam</span> <span class='ocrx_word' id='word_1_129' title='bbox 780 1228 1028 1267; x_wconf 90' lang='lat' dir='ltr'>vexantibus</span> <span class='ocrx_word' id='word_1_130' title='bbox 1045 1227 1235 1278; x_wconf 91' lang='lat' dir='ltr'>explicat,</span> <span class='ocrx_word' id='word_1_131' title='bbox 1252 1228 1292 1266; x_wconf 90' lang='lat' dir='ltr'>in</span> <span class='ocrx_word' id='word_1_132' title='bbox 1307 1227 1459 1277; x_wconf 90' lang='lat' dir='ltr'>quibus</span> <span class='ocrx_word' id='word_1_133' title='bbox 1479 1229 1615 1266; x_wconf 88' lang='lat' dir='ltr'>tamen</span> <span class='ocrx_word' id='word_1_134' title='bbox 1630 1227 1684 1266; x_wconf 91' lang='lat' dir='ltr'>ita</span> 
     </span>
     <span class='ocr_line' id='line_1_17' title="bbox 238 1292 1683 1343; baseline 0 -12"><span class='ocrx_word' id='word_1_135' title='bbox 238 1294 434 1339; x_wconf 88' lang='lat' dir='ltr'>versatur,</span> <span class='ocrx_word' id='word_1_136' title='bbox 463 1294 505 1331; x_wconf 94' lang='lat' dir='ltr'>ut</span> <span class='ocrx_word' id='word_1_137' title='bbox 529 1294 694 1343; x_wconf 92' lang='lat' dir='ltr'>tempus</span> <span class='ocrx_word' id='word_1_138' title='bbox 720 1292 819 1331; x_wconf 93' lang='lat' dir='ltr'>illud</span> <span class='ocrx_word' id='word_1_139' title='bbox 845 1294 1053 1342; x_wconf 88' lang='lat' dir='ltr'>tamquam</span> <span class='ocrx_word' id='word_1_140' title='bbox 1079 1303 1349 1343; x_wconf 89' lang='lat' dir='ltr'>praecurrens</span> <span class='ocrx_word' id='word_1_141' title='bbox 1381 1293 1475 1331; x_wconf 90' lang='lat' dir='ltr'>nata</span> <span class='ocrx_word' id='word_1_142' title='bbox 1502 1292 1604 1332; x_wconf 91' lang='lat' dir='ltr'>haec</span> <span class='ocrx_word' id='word_1_143' title='bbox 1633 1303 1683 1331; x_wconf 93' lang='lat' dir='ltr'>ex</span> 
     </span>
     <span class='ocr_line' id='line_1_18' title="bbox 239 1356 1682 1408; baseline 0.001 -12"><span class='ocrx_word' id='word_1_144' title='bbox 239 1356 568 1407; x_wconf 89' lang='lat' dir='ltr'>Corcyraeorum</span> <span class='ocrx_word' id='word_1_145' title='bbox 600 1358 773 1397; x_wconf 89' lang='lat' dir='ltr'>saevitia</span> <span class='ocrx_word' id='word_1_146' title='bbox 798 1360 837 1397; x_wconf 91' lang='lat' dir='ltr'>et</span> <span class='ocrx_word' id='word_1_147' title='bbox 858 1358 971 1396; x_wconf 90' lang='lat' dir='ltr'>brevi</span> <span class='ocrx_word' id='word_1_148' title='bbox 995 1358 1261 1397; x_wconf 91' lang='lat' dir='ltr'>corroborata</span> <span class='ocrx_word' id='word_1_149' title='bbox 1282 1359 1322 1397; x_wconf 93' lang='lat' dir='ltr'>et</span> <span class='ocrx_word' id='word_1_150' title='bbox 1351 1368 1424 1408; x_wconf 89' lang='lat' dir='ltr'>per</span> <span class='ocrx_word' id='word_1_151' title='bbox 1448 1358 1682 1397; x_wconf 88' lang='lat' dir='ltr'>universam</span> 
     </span>
     <span class='ocr_line' id='line_1_19' title="bbox 239 1421 1683 1473; baseline 0.001 -12"><span class='ocrx_word' id='word_1_152' title='bbox 239 1421 458 1462; x_wconf 87' lang='lat' dir='ltr'>Graeciam</span> <span class='ocrx_word' id='word_1_153' title='bbox 490 1422 645 1468; x_wconf 79' lang='lat' dir='ltr'>diffusa</span> <span class='ocrx_word' id='word_1_154' title='bbox 676 1423 885 1462; x_wconf 90' lang='lat' dir='ltr'>ostendat:</span> <span class='ocrx_word' id='word_1_155' title='bbox 918 1433 1051 1473; x_wconf 91' lang='lat' dir='ltr'>usque</span> <span class='ocrx_word' id='word_1_156' title='bbox 1083 1434 1133 1462; x_wconf 91' lang='lat' dir='ltr'>eo</span> <span class='ocrx_word' id='word_1_157' title='bbox 1160 1434 1243 1462; x_wconf 92' lang='lat' dir='ltr'>non</span> <span class='ocrx_word' id='word_1_158' title='bbox 1266 1423 1474 1470; x_wconf 88' lang='lat' dir='ltr'>describit,</span> <span class='ocrx_word' id='word_1_159' title='bbox 1505 1423 1546 1461; x_wconf 87' lang='lat' dir='ltr'>id</span> <span class='ocrx_word' id='word_1_160' title='bbox 1568 1422 1683 1472; x_wconf 89' lang='lat' dir='ltr'>quod</span> 
     </span>
     <span class='ocr_line' id='line_1_20' title="bbox 239 1487 1684 1539; baseline -0.001 -11"><span class='ocrx_word' id='word_1_161' title='bbox 239 1487 477 1528; x_wconf 90' lang='lat' dir='ltr'>Sallustium</span> <span class='ocrx_word' id='word_1_162' title='bbox 491 1488 627 1527; x_wconf 84' lang='lat' dir='ltr'>tacere</span> <span class='ocrx_word' id='word_1_163' title='bbox 643 1488 682 1527; x_wconf 90' lang='lat' dir='ltr'>in</span> <span class='ocrx_word' id='word_1_164' title='bbox 697 1487 897 1528; x_wconf 77' lang='lat' dir='ltr'>confesso</span> <span class='ocrx_word' id='word_1_165' title='bbox 913 1490 986 1528; x_wconf 90' lang='lat' dir='ltr'>est.</span> <span class='ocrx_word' id='word_1_166' title='bbox 996 1487 1028 1539; x_wconf 80' lang='grc'>2)</span> <span class='ocrx_word' id='word_1_167' title='bbox 1051 1487 1101 1527; x_wconf 82' lang='lat' dir='ltr'>At</span> <span class='ocrx_word' id='word_1_168' title='bbox 1114 1487 1387 1528; x_wconf 87' lang='lat' dir='ltr'>Posidonium</span> <span class='ocrx_word' id='word_1_169' title='bbox 1403 1488 1684 1538; x_wconf 90' lang='lat' dir='ltr'>inspiciamus,</span> 
     </span>
     <span class='ocr_line' id='line_1_21' title="bbox 239 1553 1684 1603; baseline -0.001 -11"><span class='ocrx_word' id='word_1_170' title='bbox 239 1564 334 1592; x_wconf 92' lang='lat' dir='ltr'>num</span> <span class='ocrx_word' id='word_1_171' title='bbox 355 1553 459 1592; x_wconf 86' lang='lat' dir='ltr'>forte</span> <span class='ocrx_word' id='word_1_172' title='bbox 482 1553 547 1592; x_wconf 91' lang='lat' dir='ltr'>hic</span> <span class='ocrx_word' id='word_1_173' title='bbox 570 1563 740 1603; x_wconf 92' lang='lat' dir='ltr'>quoque</span> <span class='ocrx_word' id='word_1_174' title='bbox 758 1553 894 1603; x_wconf 90' lang='lat' dir='ltr'>possit</span> <span class='ocrx_word' id='word_1_175' title='bbox 915 1553 1112 1592; x_wconf 90' lang='lat' dir='ltr'>adhiberi.</span> <span class='ocrx_word' id='word_1_176' title='bbox 1151 1553 1285 1603; x_wconf 84' lang='lat' dir='ltr'>Atque</span> <span class='ocrx_word' id='word_1_177' title='bbox 1302 1554 1411 1592; x_wconf 91' lang='lat' dir='ltr'>hunc</span> <span class='ocrx_word' id='word_1_178' title='bbox 1428 1553 1684 1603; x_wconf 90' lang='lat' dir='ltr'>scriptorem,</span> 
     </span>
     <span class='ocr_line' id='line_1_22' title="bbox 239 1617 1682 1669; baseline 0.001 -13"><span class='ocrx_word' id='word_1_179' title='bbox 239 1629 362 1669; x_wconf 90' lang='lat' dir='ltr'>quem</span> <span class='ocrx_word' id='word_1_180' title='bbox 395 1618 434 1656; x_wconf 91' lang='lat' dir='ltr'>in</span> <span class='ocrx_word' id='word_1_181' title='bbox 467 1618 678 1657; x_wconf 90' lang='lat' dir='ltr'>hominum</span> <span class='ocrx_word' id='word_1_182' title='bbox 710 1619 852 1657; x_wconf 90' lang='lat' dir='ltr'>natura</span> <span class='ocrx_word' id='word_1_183' title='bbox 883 1620 922 1657; x_wconf 92' lang='lat' dir='ltr'>et</span> <span class='ocrx_word' id='word_1_184' title='bbox 952 1618 1120 1669; x_wconf 90' lang='lat' dir='ltr'>ingenio</span> <span class='ocrx_word' id='word_1_185' title='bbox 1155 1617 1446 1658; x_wconf 89' lang='lat' dir='ltr'>describendis</span> <span class='ocrx_word' id='word_1_186' title='bbox 1476 1620 1682 1658; x_wconf 91' lang='lat' dir='ltr'>versatum</span> 
     </span>
     <span class='ocr_line' id='line_1_23' title="bbox 239 1683 1683 1733; baseline -0.001 -10"><span class='ocrx_word' id='word_1_187' title='bbox 239 1694 335 1723; x_wconf 90' lang='lat' dir='ltr'>esse</span> <span class='ocrx_word' id='word_1_188' title='bbox 367 1683 558 1730; x_wconf 89' lang='lat' dir='ltr'>vidimus,</span> <span class='ocrx_word' id='word_1_189' title='bbox 590 1684 641 1722; x_wconf 90' lang='lat' dir='ltr'>de</span> <span class='ocrx_word' id='word_1_190' title='bbox 672 1685 903 1733; x_wconf 89' lang='lat' dir='ltr'>temporum</span> <span class='ocrx_word' id='word_1_191' title='bbox 936 1694 1104 1733; x_wconf 92' lang='lat' dir='ltr'>quoque</span> <span class='ocrx_word' id='word_1_192' title='bbox 1149 1684 1290 1722; x_wconf 91' lang='lat' dir='ltr'>indole</span> <span class='ocrx_word' id='word_1_193' title='bbox 1327 1685 1365 1723; x_wconf 93' lang='lat' dir='ltr'>et</span> <span class='ocrx_word' id='word_1_194' title='bbox 1406 1694 1537 1723; x_wconf 91' lang='lat' dir='ltr'>rerum</span> <span class='ocrx_word' id='word_1_195' title='bbox 1581 1694 1683 1722; x_wconf 93' lang='lat' dir='ltr'>con-</span> 
     </span>
     <span class='ocr_line' id='line_1_24' title="bbox 240 1748 1683 1799; baseline 0 -12"><span class='ocrx_word' id='word_1_196' title='bbox 240 1749 406 1788; x_wconf 90' lang='lat' dir='ltr'>dicione</span> <span class='ocrx_word' id='word_1_197' title='bbox 439 1748 673 1787; x_wconf 90' lang='lat' dir='ltr'>disserendi</span> <span class='ocrx_word' id='word_1_198' title='bbox 706 1758 825 1787; x_wconf 89' lang='lat' dir='ltr'>usum</span> <span class='ocrx_word' id='word_1_199' title='bbox 857 1758 953 1787; x_wconf 89' lang='lat' dir='ltr'>esse</span> <span class='ocrx_word' id='word_1_200' title='bbox 985 1748 1212 1787; x_wconf 90' lang='lat' dir='ltr'>occasione</span> <span class='ocrx_word' id='word_1_201' title='bbox 1243 1749 1342 1799; x_wconf 92' lang='lat' dir='ltr'>quid</span> <span class='ocrx_word' id='word_1_202' title='bbox 1373 1748 1535 1788; x_wconf 86' lang='lat' dir='ltr'>facilius</span> <span class='ocrx_word' id='word_1_203' title='bbox 1566 1749 1683 1788; x_wconf 90' lang='lat' dir='ltr'>coni-</span> 
     </span>
     <span class='ocr_line' id='line_1_25' title="bbox 239 1812 1682 1863; baseline 0 -11"><span class='ocrx_word' id='word_1_204' title='bbox 239 1813 428 1853; x_wconf 87' lang='lat' dir='ltr'>ciemus&#39;?</span> <span class='ocrx_word' id='word_1_205' title='bbox 486 1812 633 1852; x_wconf 89' lang='lat' dir='ltr'>Valent</span> <span class='ocrx_word' id='word_1_206' title='bbox 663 1813 818 1863; x_wconf 91' lang='lat' dir='ltr'>aliquid</span> <span class='ocrx_word' id='word_1_207' title='bbox 863 1814 914 1852; x_wconf 93' lang='lat' dir='ltr'>ad</span> <span class='ocrx_word' id='word_1_208' title='bbox 946 1814 1051 1852; x_wconf 93' lang='lat' dir='ltr'>hanc</span> <span class='ocrx_word' id='word_1_209' title='bbox 1084 1814 1362 1853; x_wconf 90' lang='lat' dir='ltr'>coniecturam</span> <span class='ocrx_word' id='word_1_210' title='bbox 1394 1814 1682 1853; x_wconf 86' lang='lat' dir='ltr'>stabiliendam</span> 
     </span>
     <span class='ocr_line' id='line_1_26' title="bbox 239 1877 1684 1931; baseline -0.001 -12"><span class='ocrx_word' id='word_1_211' title='bbox 239 1879 435 1920; x_wconf 86' lang='lat' dir='ltr'>historiae</span> <span class='ocrx_word' id='word_1_212' title='bbox 468 1877 655 1927; x_wconf 88' lang='lat' dir='ltr'>Diodori,</span> <span class='ocrx_word' id='word_1_213' title='bbox 698 1880 766 1929; x_wconf 94' lang='lat' dir='ltr'>qui</span> <span class='ocrx_word' id='word_1_214' title='bbox 810 1879 1017 1919; x_wconf 91' lang='lat' dir='ltr'>eiusmodi</span> <span class='ocrx_word' id='word_1_215' title='bbox 1061 1879 1365 1931; x_wconf 87' lang='lat' dir='ltr'>digressionem</span> <span class='ocrx_word' id='word_1_216' title='bbox 1399 1890 1423 1918; x_wconf 90' lang='lat' dir='ltr'>a</span> <span class='ocrx_word' id='word_1_217' title='bbox 1452 1878 1684 1919; x_wconf 88' lang='lat' dir='ltr'>Posidonio</span> 
     </span>
     <span class='ocr_line' id='line_1_27' title="bbox 241 1944 1685 1995; baseline -0.001 -11"><span class='ocrx_word' id='word_1_218' title='bbox 241 1946 532 1995; x_wconf 90' lang='lat' dir='ltr'>depromptam</span> <span class='ocrx_word' id='word_1_219' title='bbox 564 1945 716 1984; x_wconf 89' lang='lat' dir='ltr'>subicit</span> <span class='ocrx_word' id='word_1_220' title='bbox 745 1944 910 1984; x_wconf 93' lang='lat' dir='ltr'>XXXIV</span> <span class='ocrx_word' id='word_1_221' title='bbox 939 1945 976 1991; x_wconf 90' lang='grc'>2,</span> <span class='ocrx_word' id='word_1_222' title='bbox 1002 1944 1175 1983; x_wconf 90' lang='grc'><strong>25-26.</strong></span> <span class='ocrx_word' id='word_1_223' title='bbox 1234 1944 1309 1984; x_wconf 91' lang='lat' dir='ltr'>Hic</span> <span class='ocrx_word' id='word_1_224' title='bbox 1341 1945 1448 1984; x_wconf 90' lang='lat' dir='ltr'>enim</span> <span class='ocrx_word' id='word_1_225' title='bbox 1479 1945 1685 1995; x_wconf 90' lang='lat' dir='ltr'>incipiens</span> 
     </span>
     <span class='ocr_line' id='line_1_28' title="bbox 239 2008 1682 2061; baseline -0.001 -13"><span class='ocrx_word' id='word_1_226' title='bbox 239 2010 308 2049; x_wconf 81' lang='lat' dir='ltr'>ita:</span> <span class='ocrx_word' id='word_1_227' title='bbox 339 2008 537 2047; x_wconf 67' lang='grc' dir='ltr'><em>οὐδέποτε</em></span> <span class='ocrx_word' id='word_1_228' title='bbox 566 2011 703 2055; x_wconf 73' lang='grc' dir='ltr'><em>στάσις</em></span> <span class='ocrx_word' id='word_1_229' title='bbox 733 2008 886 2059; x_wconf 74' lang='grc' dir='ltr'>ἐγένετο</span> <span class='ocrx_word' id='word_1_230' title='bbox 927 2009 1140 2061; x_wconf 78' lang='grc' dir='ltr'><em>τηλικαύτη</em></span> <span class='ocrx_word' id='word_1_231' title='bbox 1183 2008 1335 2047; x_wconf 76' lang='grc' dir='ltr'><em>δούλων</em></span> <span class='ocrx_word' id='word_1_232' title='bbox 1376 2008 1489 2060; x_wconf 75' lang='grc' dir='ltr'><em>ἡλίκη</em></span> <span class='ocrx_word' id='word_1_233' title='bbox 1520 2011 1682 2060; x_wconf 78' lang='grc' dir='ltr'><em>συνέστη</em></span> 
     </span>
     <span class='ocr_line' id='line_1_29' title="bbox 240 2073 1684 2125; baseline 0.001 -14"><span class='ocrx_word' id='word_1_234' title='bbox 240 2073 280 2112; x_wconf 73' lang='grc' dir='ltr'>ἐν</span> <span class='ocrx_word' id='word_1_235' title='bbox 310 2082 355 2125; x_wconf 64' lang='grc' dir='ltr'>τῇ</span> <span class='ocrx_word' id='word_1_236' title='bbox 390 2075 550 2125; x_wconf 75' lang='grc' dir='ltr'><em>Σικελίᾳ</em></span> <span class='ocrx_word' id='word_1_237' title='bbox 580 2108 587 2114; x_wconf 90' lang='grc'><strong>.</strong></span> <span class='ocrx_word' id='word_1_238' title='bbox 619 2105 626 2112; x_wconf 96' lang='grc'><em>.</em></span> <span class='ocrx_word' id='word_1_239' title='bbox 658 2106 664 2113; x_wconf 97' lang='grc'><strong><em>.</em></strong></span> <span class='ocrx_word' id='word_1_240' title='bbox 697 2077 874 2125; x_wconf 89' lang='lat' dir='ltr'>quantae</span> <span class='ocrx_word' id='word_1_241' title='bbox 904 2075 1053 2114; x_wconf 84' lang='lat' dir='ltr'>tuerint</span> <span class='ocrx_word' id='word_1_242' title='bbox 1095 2075 1283 2115; x_wconf 89' lang='lat' dir='ltr'>miseriae</span> <span class='ocrx_word' id='word_1_243' title='bbox 1322 2085 1373 2114; x_wconf 91' lang='lat' dir='ltr'>ex</span> <span class='ocrx_word' id='word_1_244' title='bbox 1404 2075 1515 2114; x_wconf 90' lang='lat' dir='ltr'>bello</span> <span class='ocrx_word' id='word_1_245' title='bbox 1546 2075 1684 2115; x_wconf 89' lang='lat' dir='ltr'>servili</span> 
     </span>
     <span class='ocr_line' id='line_1_30' title="bbox 240 2140 1685 2191; baseline -0.001 -11"><span class='ocrx_word' id='word_1_246' title='bbox 240 2142 371 2188; x_wconf 89' lang='lat' dir='ltr'>natae,</span> <span class='ocrx_word' id='word_1_247' title='bbox 393 2141 631 2191; x_wconf 85' lang='lat' dir='ltr'>quibusque</span> <span class='ocrx_word' id='word_1_248' title='bbox 654 2151 705 2180; x_wconf 90' lang='lat' dir='ltr'>ex</span> <span class='ocrx_word' id='word_1_249' title='bbox 722 2140 847 2180; x_wconf 91' lang='lat' dir='ltr'>rebus</span> <span class='ocrx_word' id='word_1_250' title='bbox 869 2151 996 2180; x_wconf 91' lang='lat' dir='ltr'>causa</span> <span class='ocrx_word' id='word_1_251' title='bbox 1016 2151 1154 2179; x_wconf 92' lang='lat' dir='ltr'>earum</span> <span class='ocrx_word' id='word_1_252' title='bbox 1173 2140 1399 2190; x_wconf 88' lang='lat' dir='ltr'>repetenda</span> <span class='ocrx_word' id='word_1_253' title='bbox 1420 2141 1472 2179; x_wconf 90' lang='lat' dir='ltr'>sit</span> <span class='ocrx_word' id='word_1_254' title='bbox 1492 2140 1685 2179; x_wconf 88' lang='lat' dir='ltr'>ostendit.</span> 
     </span>
     <span class='ocr_line' id='line_1_31' title="bbox 240 2204 1684 2256; baseline -0.001 -11"><span class='ocrx_word' id='word_1_255' title='bbox 240 2206 423 2256; x_wconf 86' lang='lat' dir='ltr'>Apparet</span> <span class='ocrx_word' id='word_1_256' title='bbox 465 2206 655 2244; x_wconf 88' lang='lat' dir='ltr'>artiorem</span> <span class='ocrx_word' id='word_1_257' title='bbox 699 2206 793 2244; x_wconf 91' lang='lat' dir='ltr'>huic</span> <span class='ocrx_word' id='word_1_258' title='bbox 835 2216 958 2255; x_wconf 88' lang='lat' dir='ltr'>quam</span> <span class='ocrx_word' id='word_1_259' title='bbox 1001 2205 1252 2255; x_wconf 89' lang='lat' dir='ltr'>digressioni</span> <span class='ocrx_word' id='word_1_260' title='bbox 1283 2204 1579 2255; x_wconf 85' lang='lat' dir='ltr'>Thucydideae</span> <span class='ocrx_word' id='word_1_261' title='bbox 1611 2215 1684 2243; x_wconf 93' lang='lat' dir='ltr'>ne-</span> 
     </span>
    </p>
   </div>
   <div class='ocr_carea' id='block_1_3' title="bbox 240 2345 1686 2604">
    <p class='ocr_par' dir='ltr' id='par_1_3' title="bbox 355 2345 1058 2387">
     <span class='ocr_line' id='line_1_32' title="bbox 355 2345 1058 2387; baseline 0 -9"><span class='ocrx_word' id='word_1_262' title='bbox 355 2346 377 2384; x_wconf 75' lang='lat'>1)</span> <span class='ocrx_word' id='word_1_263' title='bbox 404 2345 465 2378; x_wconf 86' lang='lat' dir='ltr'>Ed.</span> <span class='ocrx_word' id='word_1_264' title='bbox 491 2345 626 2386; x_wconf 88' lang='lat' dir='ltr'>Meyer,</span> <span class='ocrx_word' id='word_1_265' title='bbox 651 2345 793 2378; x_wconf 89' lang='lat' dir='ltr'>Forsch.</span> <span class='ocrx_word' id='word_1_266' title='bbox 819 2345 852 2384; x_wconf 94' lang='lat' dir='ltr'>ll,</span> <span class='ocrx_word' id='word_1_267' title='bbox 878 2353 957 2387; x_wconf 86' lang='lat' dir='ltr'>pag.</span> <span class='ocrx_word' id='word_1_268' title='bbox 982 2345 1058 2378; x_wconf 87' lang='lat'>379.</span> 
     </span>
    </p>

    <p class='ocr_par' dir='ltr' id='par_1_4' title="bbox 240 2398 1686 2604">
     <span class='ocr_line' id='line_1_33' title="bbox 352 2398 1684 2442; baseline -0.002 -10"><span class='ocrx_word' id='word_1_269' title='bbox 352 2401 376 2439; x_wconf 82' lang='lat'>²)</span> <span class='ocrx_word' id='word_1_270' title='bbox 402 2399 532 2432; x_wconf 85' lang='lat' dir='ltr'>Confer</span> <span class='ocrx_word' id='word_1_271' title='bbox 551 2399 577 2442; x_wconf 84' lang='lat' dir='ltr'>J.</span> <span class='ocrx_word' id='word_1_272' title='bbox 602 2399 727 2439; x_wconf 88' lang='lat' dir='ltr'>Bruns,</span> <span class='ocrx_word' id='word_1_273' title='bbox 764 2399 823 2431; x_wconf 87' lang='lat' dir='ltr'>Lit.</span> <span class='ocrx_word' id='word_1_274' title='bbox 849 2399 993 2439; x_wconf 72' lang='lat' dir='ltr'>Portrat,</span> <span class='ocrx_word' id='word_1_275' title='bbox 1019 2408 1099 2440; x_wconf 87' lang='lat' dir='ltr'>pag.</span> <span class='ocrx_word' id='word_1_276' title='bbox 1116 2399 1174 2431; x_wconf 86' lang='lat'>33:</span> <span class='ocrx_word' id='word_1_277' title='bbox 1213 2398 1267 2439; x_wconf 86' lang='lat' dir='ltr'>„ln</span> <span class='ocrx_word' id='word_1_278' title='bbox 1296 2399 1432 2432; x_wconf 92' lang='lat' dir='ltr'>seinem</span> <span class='ocrx_word' id='word_1_279' title='bbox 1458 2399 1586 2432; x_wconf 90' lang='lat' dir='ltr'>Werke</span> <span class='ocrx_word' id='word_1_280' title='bbox 1612 2425 1617 2431; x_wconf 95' lang='lat'>.</span> <span class='ocrx_word' id='word_1_281' title='bbox 1645 2425 1650 2430; x_wconf 96' lang='lat'>.</span> <span class='ocrx_word' id='word_1_282' title='bbox 1678 2424 1684 2431; x_wconf 96' lang='lat'>.</span> 
     </span>
     <span class='ocr_line' id='line_1_34' title="bbox 241 2452 1684 2495; baseline 0.001 -9"><span class='ocrx_word' id='word_1_283' title='bbox 241 2462 313 2487; x_wconf 92' lang='lat' dir='ltr'>war</span> <span class='ocrx_word' id='word_1_284' title='bbox 338 2453 418 2487; x_wconf 91' lang='lat' dir='ltr'>kein</span> <span class='ocrx_word' id='word_1_285' title='bbox 432 2453 528 2486; x_wconf 84' lang='lat' dir='ltr'>Platz</span> <span class='ocrx_word' id='word_1_286' title='bbox 540 2453 594 2487; x_wconf 75' lang='lat' dir='ltr'>fiir</span> <span class='ocrx_word' id='word_1_287' title='bbox 610 2453 689 2487; x_wconf 89' lang='lat' dir='ltr'>eine</span> <span class='ocrx_word' id='word_1_288' title='bbox 704 2453 1092 2495; x_wconf 88' lang='lat' dir='ltr'>Zustandschilderung</span> <span class='ocrx_word' id='word_1_289' title='bbox 1114 2479 1121 2485; x_wconf 97' lang='lat'>.</span> <span class='ocrx_word' id='word_1_290' title='bbox 1137 2479 1143 2485; x_wconf 93' lang='lat'>.</span> <span class='ocrx_word' id='word_1_291' title='bbox 1162 2478 1168 2484; x_wconf 85' lang='lat'>.</span> <span class='ocrx_word' id='word_1_292' title='bbox 1187 2452 1252 2486; x_wconf 88' lang='lat' dir='ltr'>Die</span> <span class='ocrx_word' id='word_1_293' title='bbox 1277 2454 1483 2487; x_wconf 82' lang='lat' dir='ltr'>beriihmten</span> <span class='ocrx_word' id='word_1_294' title='bbox 1500 2454 1635 2495; x_wconf 84' lang='lat' dir='ltr'>Kapitel</span> <span class='ocrx_word' id='word_1_295' title='bbox 1649 2454 1684 2486; x_wconf 95' lang='lat' dir='ltr'>lll</span> 
     </span>
     <span class='ocr_line' id='line_1_35' title="bbox 240 2507 1684 2542; baseline 0.001 -2"><span class='ocrx_word' id='word_1_296' title='bbox 240 2508 372 2541; x_wconf 86' lang='lat'>82-83</span> <span class='ocrx_word' id='word_1_297' title='bbox 396 2509 544 2540; x_wconf 88' lang='lat' dir='ltr'>machen</span> <span class='ocrx_word' id='word_1_298' title='bbox 574 2508 694 2540; x_wconf 89' lang='lat' dir='ltr'>davon</span> <span class='ocrx_word' id='word_1_299' title='bbox 731 2508 835 2540; x_wconf 89' lang='lat' dir='ltr'>keine</span> <span class='ocrx_word' id='word_1_300' title='bbox 859 2508 1074 2540; x_wconf 83' lang='lat' dir='ltr'>Ausnahme.</span> <span class='ocrx_word' id='word_1_301' title='bbox 1122 2507 1180 2541; x_wconf 92' lang='lat' dir='ltr'>Sie</span> <span class='ocrx_word' id='word_1_302' title='bbox 1215 2508 1337 2542; x_wconf 82' lang='lat' dir='ltr'>fassen</span> <span class='ocrx_word' id='word_1_303' title='bbox 1375 2509 1432 2541; x_wconf 91' lang='lat' dir='ltr'>die</span> <span class='ocrx_word' id='word_1_304' title='bbox 1469 2508 1684 2542; x_wconf 63' lang='lat' dir='ltr'>allmiihliche</span> 
     </span>
     <span class='ocr_line' id='line_1_36' title="bbox 241 2562 1686 2604; baseline 0 -8"><span class='ocrx_word' id='word_1_305' title='bbox 241 2563 392 2596; x_wconf 89' lang='lat' dir='ltr'>sittliche</span> <span class='ocrx_word' id='word_1_306' title='bbox 417 2562 645 2604; x_wconf 88' lang='lat' dir='ltr'>Zersetzung,</span> <span class='ocrx_word' id='word_1_307' title='bbox 670 2562 807 2595; x_wconf 89' lang='lat' dir='ltr'>welche</span> <span class='ocrx_word' id='word_1_308' title='bbox 838 2562 914 2595; x_wconf 91' lang='lat' dir='ltr'>sich</span> <span class='ocrx_word' id='word_1_309' title='bbox 940 2562 972 2594; x_wconf 91' lang='lat' dir='ltr'>in</span> <span class='ocrx_word' id='word_1_310' title='bbox 998 2562 1078 2595; x_wconf 92' lang='lat' dir='ltr'>dem</span> <span class='ocrx_word' id='word_1_311' title='bbox 1113 2563 1398 2596; x_wconf 89' lang='lat' dir='ltr'>beschriebenen</span> <span class='ocrx_word' id='word_1_312' title='bbox 1423 2563 1596 2596; x_wconf 90' lang='lat' dir='ltr'>Zeitraum</span> <span class='ocrx_word' id='word_1_313' title='bbox 1622 2564 1686 2596; x_wconf 91' lang='lat' dir='ltr'>ab-</span> 
     </span>
    </p>
   </div>
   <div class='ocr_carea' id='block_1_4' title="bbox 239 2615 1684 2705">
    <p class='ocr_par' dir='ltr' id='par_1_5' title="bbox 239 2615 1684 2705">
     <span class='ocr_line' id='line_1_37' title="bbox 240 2615 1684 2660; baseline -0.001 -9"><span class='ocrx_word' id='word_1_314' title='bbox 240 2618 356 2660; x_wconf 86' lang='lat' dir='ltr'>spielt‚</span> <span class='ocrx_word' id='word_1_315' title='bbox 382 2618 465 2650; x_wconf 88' lang='lat' dir='ltr'>kurz</span> <span class='ocrx_word' id='word_1_316' title='bbox 491 2624 707 2650; x_wconf 87' lang='lat' dir='ltr'>zusammen.</span> <span class='ocrx_word' id='word_1_317' title='bbox 743 2615 802 2649; x_wconf 92' lang='lat' dir='ltr'>Sie</span> <span class='ocrx_word' id='word_1_318' title='bbox 828 2616 1008 2649; x_wconf 84' lang='lat' dir='ltr'>bedeuten</span> <span class='ocrx_word' id='word_1_319' title='bbox 1026 2617 1105 2649; x_wconf 88' lang='lat' dir='ltr'>kein</span> <span class='ocrx_word' id='word_1_320' title='bbox 1131 2617 1310 2650; x_wconf 89' lang='lat' dir='ltr'>ruhendes</span> <span class='ocrx_word' id='word_1_321' title='bbox 1328 2616 1420 2656; x_wconf 83' lang='lat' dir='ltr'>Scin,</span> <span class='ocrx_word' id='word_1_322' title='bbox 1446 2617 1603 2650; x_wconf 92' lang='lat' dir='ltr'>sondern</span> <span class='ocrx_word' id='word_1_323' title='bbox 1629 2617 1684 2650; x_wconf 92' lang='lat' dir='ltr'>ein</span> 
     </span>
     <span class='ocr_line' id='line_1_38' title="bbox 239 2672 428 2705; baseline -0.011 0"><span class='ocrx_word' id='word_1_324' title='bbox 239 2672 428 2705; x_wconf 89' lang='lat' dir='ltr'>Werden.“</span> 
     </span>
    </p>
   </div>
   <div class='ocr_carea' id='block_1_5' title="bbox 380 2294 500 2296">
    <p class='ocr_par' dir='ltr' id='par_1_6' title="bbox 380 2294 500 2296">
     <span class='ocr_line' id='line_1_39' title="bbox 380 2294 500 2296; baseline 0 0"><span class='ocrx_word' id='word_1_325' title='bbox 380 2294 500 2296; x_wconf 95' lang='lat' dir='ltr'> </span> 
     </span>
    </p>
   </div>
  </div>
 </body>
</html>
