1868 3093
209 304 382 343 aetatem
413 304 649 355 permansit,
679 314 852 355 prorsus
879 304 919 343 in
940 303 1122 343 tenebris
1145 302 1290 342 iacent.
1338 301 1507 341 Maximi
1539 302 1646 341 enim

208 368 261 408 ad
292 379 363 409 eas
395 370 671 410 restituendas
695 370 890 409 momenti
913 370 1074 408 exstant
1095 367 1298 418 quaedam
1322 366 1496 406 Diodori
1520 365 1646 406 Siculi

208 434 403 474 librorum
434 436 643 486 reliquiae,
676 435 829 486 quibus
860 435 895 474 si
927 434 1143 485 diligenter
1164 434 1203 472 et
1224 434 1341 472 caute
1363 434 1531 476 utemur,
1564 443 1647 471 non

207 499 343 539 solum
375 511 481 551 quae
513 500 698 541 nonnulli
731 499 948 540 Posidonii
980 499 1069 538 libri
1102 498 1386 546 continuerint,
1417 498 1493 537 sed
1526 498 1645 537 etiam

208 576 331 615 quam
370 566 494 605 rebus
525 566 740 605 narrandis
770 567 810 605 et
839 564 1102 615 exponendis
1133 564 1168 603 is
1199 563 1431 603 adhibuerit
1461 573 1647 602 normam

207 631 495 682 cognoscendi
532 632 656 671 nobis
693 631 856 671 dabitur
889 630 1074 670 facultas.
1138 628 1353 669 Diodorus
1384 629 1503 676 enirn,
1542 629 1648 668 sicut

207 695 246 734 in
283 695 374 735 aliis
412 696 670 736 historiarum
708 696 823 735 libris
859 696 964 735 alios
1001 696 1226 745 scriptores
1264 695 1317 734 ad
1355 695 1526 734 verbum
1562 694 1646 733 fere

207 761 436 811 exscripsit,
461 761 515 800 ita
536 772 641 812 quae
663 762 835 813 praebet
856 761 877 800 I.
900 760 950 801 IV
972 772 1004 801 c.
1024 761 1079 802 20
1099 763 1139 800 et
1159 760 1181 800 l.
1197 759 1231 800 V
1252 760 1348 799 inde
1370 770 1404 799 a.
1419 770 1452 799 c.
1472 760 1647 807 24—40‚

206 837 255 866 ea
286 837 308 866 e
339 825 571 866 Posidonio
594 827 856 878 deprompsit
872 826 912 877 1).
957 825 1085 866 Porro
1108 836 1213 877 quae
1236 826 1425 877 leguntur
1445 825 1468 864 l.
1489 825 1646 872 XXXII,

206 903 239 932 c.
268 892 322 932 26
352 903 486 943 usque
517 893 570 932 acl
600 891 726 933 finem
759 893 781 932 I.
801 892 998 933 XXXVIII
1030 893 1165 932 eidem
1198 893 1388 943 scriptori
1419 892 1574 940 deberi,
1604 892 1645 931 id

205 958 352 998 Wilms
368 957 412 1010 2),
460 956 504 998 C.
552 958 591 997 F.
627 957 844 1010 Arnoldss),
885 958 1077 1008 Buso1t⁴)
1121 960 1202 997 tam
1245 958 1426 997 dilucide
1469 958 1645 997 demon-

204 1025 443 1071 straverunt,
480 1025 522 1063 ut
557 1035 636 1076 ego
674 1025 779 1063 hanc
816 1024 1102 1075 quaestionem
1134 1025 1349 1063 retractare
1381 1024 1465 1063 iure
1497 1034 1645 1074 super-

205 1089 385 1128 sedeam.
458 1089 620 1128 Illorum
670 1090 790 1141 igitur
830 1090 1008 1128 virorum
1052 1090 1332 1140 quaestiones,
1375 1099 1482 1139 quae
1528 1089 1641 1139 quod

204 1153 333 1193 sciam
364 1154 558 1194 omnibus
588 1154 824 1205 probantur,
854 1156 997 1202 secuti,
1029 1165 1135 1205 quae
1157 1154 1247 1195 istis
1269 1154 1385 1194 libris
1406 1165 1429 1193 a
1450 1152 1640 1194 Diodoro

205 1219 457 1267 exhibentur,
473 1230 514 1259 re
529 1231 624 1259 vera
638 1221 688 1259 iis
702 1221 945 1260 amissarum
963 1219 1179 1259 Posidonii
1203 1220 1461 1259 historiarum
1483 1222 1640 1270 partem

205 1295 287 1323 non
319 1285 508 1336 exiguam
539 1285 663 1325 nobis
693 1286 894 1325 redditam
925 1296 1021 1325 esse
1052 1287 1161 1324 recte
1192 1287 1419 1325 statuemus
1435 1284 1474 1333 5).
1527 1285 1640 1325 Haec

205 1350 367 1388 maximi
398 1352 493 1389 sunt
522 1352 728 1398 momenti,
764 1361 899 1401 neque
929 1352 1064 1390 tamen
1101 1351 1272 1389 minoris
1308 1350 1494 1389 nonnulli
1532 1361 1640 1400 quos

204 1424 255 1453 ex
285 1414 399 1454 libris
430 1413 727 1455 Posidonianis
756 1415 855 1454 varii
888 1415 1124 1465 scriptores,
1155 1415 1194 1453 in
1220 1415 1364 1465 primis
1385 1414 1640 1462 Plutarchus,

202 1479 450 1527 Athenaeus,
486 1478 646 1528 Strabo,
683 1478 844 1520 Seneca
880 1480 1004 1520 nobis
1041 1482 1307 1520 servaverunt
1336 1481 1429 1528 loci,
1467 1491 1575 1530 quos
1607 1482 1641 1520 si

202 1544 376 1585 Diodori
418 1545 658 1597 fragmentis
700 1547 794 1596 apte
834 1546 1146 1598 coniungemus,
1188 1545 1386 1585 rationem
1423 1544 1640 1586 Posidonii

202 1612 384 1651 historiis
415 1612 640 1651 adhibitam
672 1622 722 1651 eo
754 1612 901 1651 melius
932 1612 1229 1663 intellegemus.

309 1677 369 1716 Ac
424 1677 599 1727 primum
655 1677 823 1728 quidem
878 1678 913 1717 si
963 1676 1140 1716 Diodori
1159 1676 1189 1727 6)
1239 1678 1330 1717 illas
1380 1678 1640 1718 historiarum

202 1743 397 1793 reliquias
439 1744 753 1793 perscrutamur,
796 1743 817 1782 I.
848 1742 1008 1782 XXXIII
1041 1754 1072 1782 c.
1108 1744 1139 1791 l,
1163 1743 1188 1782 2
1225 1754 1383 1783 morum
1415 1744 1641 1795 descriptio

203 1809 406 1858 quaedam
439 1819 485 1848 se
517 1809 646 1857 offert,
683 1820 806 1859 quarn
837 1810 872 1848 si
904 1810 1030 1860 leges,
1061 1808 1245 1849 Sallustii
1277 1810 1328 1848 de
1362 1808 1537 1849 Catilina
1568 1820 1640 1849 ex-

201 1874 396 1924 ponentis
428 1875 625 1914 memoria
655 1875 791 1915 statim
821 1875 893 1914 tibi
925 1874 1125 1915 atteretur.
1175 1874 1279 1914 Nam
1310 1876 1418 1915 sicut
1447 1876 1555 1915 hunc
1587 1876 1640 1915 de

311 2005 334 2046 1)
358 2003 465 2043 Quod
508 2005 628 2038 docuit
664 2004 813 2038 Carolus
848 2003 1065 2045 Miillenhoft‚
1102 2004 1282 2038 Deutsche
1318 2004 1638 2046 Altertumskunde,

200 2068 279 2102 pag.
303 2059 536 2154 {JJBL’JSequdie
554 2113 702 2152 Quellen
726 2114 779 2147 fiir
803 2114 860 2147 die
878 2113 1090 2148 Geschichte
1110 2114 1175 2146 des
1193 2115 1311 2147 ersten
1328 2113 1637 2157 Sklavenkrieges,

199 2168 321 2202 Hamb.
347 2178 377 2202 a.
405 2169 497 2202 1885.

310 2224 334 2264 ³)
360 2225 393 2257 in
418 2224 591 2258 annalium
616 2225 732 2266 suppl.
756 2224 824 2258 XIII
848 2224 894 2266 (a.
923 2223 1018 2264 1884)
1043 2233 1122 2266 pag.
1150 2223 1220 2257 107.

307 2279 335 2317 4)
360 2278 393 2311 in
418 2287 496 2312 ann.
521 2280 590 2312 vol.
616 2278 782 2313 CXXXXI
807 2281 850 2320 (a.
879 2279 973 2320 1890)
998 2287 1077 2321 pag.
1102 2278 1176 2318 321,
1200 2278 1274 2310 405.

308 2344 335 2387 5)
361 2344 449 2377 Nam
483 2353 575 2386 quae
599 2344 645 2378 ad
670 2345 839 2378 orientem
863 2344 1061 2387 spectantia
1084 2344 1117 2377 in
1142 2343 1195 2376 his
1219 2342 1315 2377 libris
1339 2344 1571 2385 inveniuntur,
1603 2344 1637 2377 in

198 2399 240 2432 iis
263 2398 426 2432 floridum
451 2398 730 2432 Posidonianum
757 2400 895 2433 dicendi
918 2408 1033 2441 genus
1056 2400 1125 2431 tam
1143 2397 1329 2431 manifesto
1349 2398 1637 2440 deprehenditur,

198 2455 234 2486 ut
258 2461 303 2486 ex
327 2453 457 2486 eodem
473 2452 571 2486 fonte
590 2461 634 2486 ea
651 2453 807 2486 derivata
829 2462 914 2487 esse
932 2453 1093 2495 quamvis
1109 2461 1181 2485 non
1199 2452 1405 2486 certissimis
1422 2454 1638 2495 argumentis

198 2507 474 2542 demonstratum
498 2508 551 2548 sit,
576 2509 693 2542 tamen
718 2508 777 2550 qui
802 2517 881 2542 curn
905 2508 993 2550 ipsis
1011 2506 1193 2540 Posidonii
1218 2507 1372 2549 reliquiis
1391 2517 1434 2542 ea
1451 2517 1638 2551 compara-

197 2563 284 2596 verit
307 2563 375 2596 sibi
398 2563 623 2605 persuadeat.

306 2618 334 2661 6)
359 2618 444 2652 Utor
483 2617 638 2652 editione
677 2627 698 2652 a
736 2617 885 2652 Dindorf
924 2618 1056 2658 curata,
1096 2625 1117 2650 a
1151 2617 1266 2660 Vogel
1301 2619 1503 2662 recognita,
1545 2619 1636 2662 Lips.

197 2682 226 2707 a.
255 2673 435 2708 1868—88.
