1868 3093
796 122 1062 161 -45-

213 231 304 271 eius
333 232 373 271 et
402 233 567 271 naturae
596 231 678 270 vim
708 230 966 281 praedicaret
996 228 1218 267 adductum
1250 237 1346 266 esse
1373 226 1566 274 vidimus,
1598 226 1652 264 ita

214 295 369 335 Livium
399 306 561 336 summo
591 306 675 346 quo
706 297 894 345 tempora
923 294 1091 343 antiqua
1126 294 1165 332 et
1197 293 1375 331 maiores
1405 290 1651 341 complexus

214 362 277 400 est
305 371 444 401 amore
475 360 697 411 impulsum
729 369 837 406 esse,
867 360 909 398 ut
930 356 1142 405 Catonem,
1164 367 1413 408 quamquam
1445 356 1497 395 de
1527 356 1651 394 virtu-

214 426 322 466 tibus
364 427 454 466 eius
495 427 588 476 ipsa
629 424 859 464 narratione
902 423 1081 463 docendi
1121 422 1297 463 facultas
1328 422 1423 461 data
1453 422 1547 468 erat,
1579 430 1652 459 ex·

214 501 335 531 cursu
379 501 403 530 a
446 490 665 541 proposito
709 489 819 529 facto
864 489 1047 528 laudaret
1090 491 1213 539 atque
1258 499 1308 527 eo
1353 487 1481 526 modo
1526 485 1651 537 prisci

213 556 368 608 vigoris
397 555 614 607 probitatis
644 554 886 605 prudentiae
928 553 1161 605 exemplum
1204 552 1449 604 aequalibus
1479 552 1567 592 suis
1598 551 1650 590 ad

214 621 452 660 imitandum
482 621 735 670 proponeret
750 618 793 670 ¹).

215 741 254 779 2.
295 738 462 786 Quam
515 740 567 778 in
616 739 785 778 rebus
835 739 1141 777 narrandis
1189 740 1239 776 et
1288 736 1652 786 exponendis

626 803 1239 843 adhibueritnormam.

324 889 408 931 Sed
430 893 473 930 ut
492 891 545 930 ad
567 901 643 930 eos
665 901 866 930 excursus
888 900 1121 941 pergamus,
1143 890 1212 940 qui
1235 890 1273 928 in
1296 890 1422 929 rebus
1439 888 1654 927 narrandis

214 959 444 1004 occurrunt,
495 966 579 996 non
628 955 746 995 aliam
790 955 856 996 his
903 957 1026 1006 atque
1076 954 1314 995 hominibus
1362 952 1653 994 describendis

214 1023 370 1062 Livium
412 1022 648 1062 servavisse
690 1022 888 1061 rationem
931 1021 1026 1061 licet
1066 1022 1319 1071 exspectare.
1377 1019 1436 1059 Ac
1478 1020 1652 1069 primum

214 1087 395 1139 quidem,
453 1087 572 1127 sicuti
626 1096 849 1137 numquam
903 1086 955 1126 de
1003 1086 1181 1126 virorum
1232 1087 1373 1125 natura
1422 1087 1461 1125 et
1513 1083 1653 1123 indole

214 1153 502 1204 quaestionem
543 1153 725 1199 instituit,
761 1153 826 1201 ita,
862 1163 968 1204 quae
1005 1153 1155 1203 quovis
1192 1152 1287 1192 loco
1324 1151 1376 1191 ab
1414 1150 1653 1190 auctoribus

214 1218 360 1257 tradita
400 1217 563 1269 delegit,
605 1228 654 1257 ea
695 1219 804 1273 haud
849 1219 1029 1257 incertus
1076 1217 1239 1269 profert,
1282 1227 1417 1267 neque
1459 1225 1652 1265 umquam

214 1293 297 1333 qua
333 1293 400 1323 res
436 1283 615 1333 explicet
644 1284 931 1333 quaestionem
962 1284 1193 1333 interponit.
1251 1282 1400 1322 Verum
1436 1282 1537 1321 haec
1568 1291 1651 1319 non

214 1346 323 1387 recte
352 1347 425 1386 tibi
454 1347 633 1387 fortasse
653 1348 869 1387 videantur
889 1347 1091 1395 affirmari,
1123 1348 1219 1397 quia
1240 1346 1477 1397 complures
1498 1346 1651 1396 quibus

214 1413 254 1451 in
285 1422 351 1452 res
372 1414 554 1452 narratas
576 1412 799 1463 inquiratur
819 1423 1020 1453 excursus
1041 1413 1306 1452 inveniantur.
1352 1409 1461 1451 Sane
1482 1411 1650 1461 quidem

213 1478 258 1518 fit
288 1479 329 1517 ut
359 1477 508 1526 Livius,
538 1488 644 1528 quae
676 1480 867 1519 auctores
896 1479 1160 1526 tradiderunt,
1190 1478 1260 1517 ubi
1292 1488 1341 1517 ea
1370 1478 1492 1517 nimis
1522 1488 1546 1516 a
1565 1476 1650 1516 fide

214 1543 348 1583 aliena
369 1544 438 1582 aut
457 1543 560 1582 inter
580 1544 806 1594 scriptores
828 1555 936 1594 quos
958 1544 1142 1594 sequitur
1163 1543 1442 1593 discrepantia
1463 1543 1651 1593 repperit,

214 1608 350 1648 facere
396 1619 480 1647 non
525 1609 672 1659 possit,
714 1609 813 1660 quin
854 1609 1001 1660 paucis
1044 1619 1160 1648 suam
1203 1609 1447 1648 sententiam
1487 1608 1652 1658 aperiat.

215 1674 361 1723 Neque
390 1675 525 1712 tamen
547 1674 693 1713 horum
715 1675 901 1714 locorum
924 1675 1142 1725 quisquam
1165 1674 1371 1713 eiusmodi
1393 1675 1467 1720 est,
1496 1674 1539 1712 ut
1560 1684 1651 1712 cum

216 1738 533 1788 quaestionibus
582 1739 675 1786 illis,
724 1739 877 1789 quibus
922 1739 1122 1790 Polybius
1172 1739 1224 1778 de
1269 1739 1394 1778 rebus
1440 1738 1653 1777 narrandis

218 1803 504 1853 quaestionem
535 1807 684 1852 movet,
714 1804 908 1845 videlicet
938 1815 989 1844 eo
1019 1803 1210 1852 consilio,
1252 1805 1294 1843 ut
1325 1813 1431 1854 quae
1462 1802 1655 1850 effecerit,

218 1869 269 1908 iis
299 1869 420 1909 nixus
451 1869 504 1908 ad
525 1871 787 1921 propositum
819 1872 1048 1920 revertatur,
1078 1870 1216 1921 possit
1245 1869 1485 1920 comparari.
1528 1868 1654 1908 Immo

215 1944 314 1973 vero
364 1944 457 1973 cum
506 1935 559 1974 ad
609 1936 882 1975 narrationem
932 1947 1064 1975 rerum
1113 1935 1211 1974 nihil
1261 1934 1432 1974 omnino
1481 1934 1653 1981 valeant,

326 2042 351 2081 ¹)
375 2040 602 2075 Discessisse
636 2042 789 2076 fortasse
824 2043 955 2076 Livium
989 2044 1059 2075 tam
1094 2043 1201 2084 longe
1238 2051 1259 2075 a
1289 2042 1393 2075 solita
1427 2042 1653 2074 describendi

200 2095 475 2129 'consuetudine
500 2097 658 2130 secutum
683 2096 759 2130 eius
784 2097 966 2139 scriptoris
982 2096 1235 2137 auctoritatem,
1260 2104 1365 2138 quem
1389 2095 1469 2129 huic
1493 2094 1654 2128 historia-

216 2158 289 2183 rum
313 2149 401 2191 parti
424 2149 558 2184 fontem
590 2150 797 2192 adhibuerit,
832 2151 1035 2194 suspicatus
1071 2152 1126 2185 est
1155 2151 1181 2194 J.
1206 2149 1331 2192 Bruns,
1367 2149 1653 2188 Personlichkeit‚

216 2213 296 2247 pag.
321 2204 373 2246 52,
398 2206 561 2239 scribens
584 2206 688 2240 haec:
713 2206 902 2248 ,‚M6glich,
927 2206 997 2240 dass
1022 2206 1080 2240 die
1096 2206 1308 2249 Bedeutung
1324 2206 1391 2239 des
1406 2206 1558 2238 Mannes
1582 2204 1653 2236 den

215 2259 333 2293 Livius
357 2268 400 2292 zu
424 2260 542 2294 cinem
558 2259 705 2304 Ausflug
721 2261 756 2294 in
780 2261 836 2295 ein
851 2260 1009 2295 fremdes
1025 2260 1211 2304 Stilgebiet
1226 2259 1407 2294 veranlasst
1422 2260 1490 2293 hat.
1507 2258 1652 2292 Ebenso

217 2314 410 2356 berechtigt
448 2315 536 2349 aber
572 2315 617 2349 ist
651 2341 659 2349 .
684 2341 724 2349 ..
755 2316 813 2349 die
852 2316 1101 2358 Vermuthung,
1141 2315 1210 2349 dass
1246 2315 1304 2348 die
1339 2314 1502 2357 Eigenart
1537 2313 1654 2346 dieser

217 2367 535 2402 Charakteristiken
570 2369 630 2403 auf
664 2370 726 2403 der
760 2369 968 2412 Benutzung
1002 2369 1100 2403 einer
1131 2370 1165 2403 in
1189 2368 1546 2410 subjektivistischem
1569 2366 1654 2400 Stile

216 2423 428 2465 gehaltenen
451 2424 576 2464 Quelle
601 2424 757 2459 beruht.“
805 2424 906 2465 Quae
929 2425 1017 2458 ratio
1037 2424 1198 2467 quamvis
1215 2424 1311 2457 alteri
1328 2422 1543 2465 digressioni
1567 2431 1656 2456 con-

216 2477 344 2517 veniat,
367 2479 485 2511 tamen
508 2478 563 2511 hic
586 2479 729 2520 probari
752 2479 889 2520 nequit;
924 2487 970 2512 ex
1004 2478 1062 2512 illo
1098 2478 1190 2511 enim
1215 2485 1318 2518 quem
1342 2477 1389 2510 de
1413 2476 1562 2510 Catonis
1585 2477 1657 2508 vita

216 2530 343 2573 Nepos
383 2531 493 2565 edidit
526 2532 615 2566 libro
656 2541 844 2567 excursum
882 2533 1084 2573 excerptum
1119 2540 1203 2565 esse
1242 2530 1363 2564 docuit
1400 2530 1434 2564 F.
1471 2531 1555 2571 Leo,
1592 2531 1610 2563 l.
1636 2531 1655 2563 l.

217 2594 298 2628 pag.
326 2587 396 2620 170.

0 2969 1868 3093 l—————-‹-
