1868 3093
774 250 823 255 -
886 227 935 265 19
993 248 1043 254 -

190 342 485 383 cessitudinem
507 336 761 379 intercedere
784 346 877 376 cum
899 335 1180 386 descriptione
1203 333 1463 382 Sallustiana,
1494 346 1629 386 neque

187 410 338 447 temere
387 406 607 456 quisquam
652 411 701 441 ea
744 401 866 440 nixus
911 400 962 440 de
1007 399 1240 440 Posidonio
1285 402 1328 440 ut
1368 401 1494 441 moris
1539 400 1630 440 eius

191 472 357 511 auctore
389 470 552 521 cogitet.

298 534 471 574 Maioris
502 533 623 571 etiam
655 532 850 570 momenti
882 533 977 570 sunt
1006 542 1066 578 ea,
1096 531 1249 581 quibus
1287 532 1394 570 mala
1423 532 1630 571 seditione

191 610 402 641 servorum
433 597 560 638 altera
589 596 629 637 in
661 593 842 637 Siciliam
868 595 978 637 illata
999 596 1178 648 explicat
1205 595 1388 648 (XXXVI
1417 597 1444 637 6
1474 599 1513 638 et
1547 597 1632 645 ll);

190 667 329 715 aperte
360 664 468 703 enim
498 662 654 702 verbis:
684 657 766 709 εἶχε
796 661 838 700 δὲ
867 662 938 712 τὴν
969 662 1150 699 Σικελίαν
1181 668 1315 699 πᾶσαν
1351 664 1535 712 σύγχυσις
1564 662 1632 699 καὶ

190 735 320 766 κακῶν
349 723 465 772 'mag
495 727 562 777 (6).
621 725 667 763 οὗ
695 727 816 775 μόνον
857 725 902 764 τὸ
932 726 1097 777 πλῆθος
1137 733 1215 764 τῶν
1247 725 1410 764 οἰκετῶν
1452 726 1496 764 τὸ
1527 726 1633 777 πρὸς

190 792 259 843 τὴν
291 791 513 830 ἀπόστασιν
544 791 776 843 ὡρμημένον
805 794 1050 842 κατέτρεχεν,
1082 790 1184 829 ἀλλὰ
1203 791 1270 828 καὶ
1301 798 1379 829 τῶν
1407 790 1631 843 ἐλευθέρων

192 856 229 894 οἱ
259 857 330 902 τὰς
360 855 429 894 ἐπὶ
459 854 593 907 χώρας
620 858 776 908 κτήσεις
796 856 866 893 οὐκ
896 855 1053 903 ἔχοντες
1074 855 1290 908 ἐτρέποντο
1311 856 1416 907 πρὸς
1445 855 1632 907 ἁρπαγὴν

191 922 259 959 καὶ
298 921 595 974 παρανομίανῑ)
638 920 727 974 (ll)
769 953 777 962 .
813 953 821 961 .
856 953 865 962 .
906 933 1148 962 revocamur
1188 922 1241 961 ad
1282 922 1409 961 verba
1451 920 1632 962 Sallustii

193 988 296 1027 haec
326 987 407 1035 (36,
435 988 496 1039 5):
531 990 649 1027 tanta
689 988 749 1027 v1’s
789 987 924 1027 morbi
962 990 1086 1038 atque
1125 988 1186 1027 uti
1217 987 1335 1027 tabes
1346 986 1375 1035 ¹)
1409 988 1634 1038 plerosque

193 1053 335 1092 civium
356 1053 517 1093 animos
537 1053 754 1093 invaserat.
812 1063 941 1104 neque
969 1053 1101 1093 solum
1126 1053 1206 1092 illis
1235 1053 1372 1092 a‘IIena
1392 1064 1506 1092 mens
1536 1055 1635 1098 erat,

194 1119 266 1168 qai
292 1119 447 1158 conscii
472 1119 767 1158 coniurationiS
788 1117 970 1169 fuerant,
1009 1118 1087 1158 sed
1125 1118 1289 1157 omnitzo
1320 1121 1466 1157 cuncta
1490 1116 1635 1168 plebes

194 1194 390 1222 novarum
421 1194 553 1223 rerum
582 1184 719 1223 studio
751 1182 954 1224 Catilinae
994 1185 1155 1233 incepta
1177 1182 1403 1232 probabat.
1444 1183 1490 1222 id
1527 1183 1634 1222 adeo

193 1258 306 1287 more
333 1259 408 1287 suo
440 1248 653 1288 videbatur
673 1247 817 1298 facere
842 1280 849 1288 .
880 1278 887 1286 .
918 1279 927 1287 .

305 1311 388 1353 Sed
430 1314 482 1352 ad
524 1314 688 1353 alteram
725 1315 881 1364 partem
916 1315 1133 1361 vertamus,
1164 1323 1246 1363 qua
1284 1311 1506 1353 Sallustius
1544 1313 1632 1352 dis-

196 1378 418 1418 sensiones
463 1380 501 1418 et
545 1379 781 1418 discordiae
823 1378 977 1426 civiles,
1022 1378 1174 1429 quibus
1220 1378 1484 1429 potissimum
1529 1377 1630 1417 illud

197 1443 417 1483 discrimen
444 1443 636 1483 effectum
657 1445 751 1491 erat,
782 1442 921 1483 Sullae
943 1443 1142 1482 dictatura
1163 1453 1395 1493 oppressae
1417 1443 1633 1493 quomodo

196 1509 293 1558 post
321 1508 578 1547 tribuniciam
603 1509 850 1558 potestatem
872 1518 895 1546 a
916 1506 1119 1558 Pompeio
1142 1508 1366 1547 restitutam
1388 1518 1529 1547 rursus
1549 1518 1633 1546 rem

307 1616 331 1656 ¹)
355 1615 485 1648 Notatu
521 1615 664 1657 dignum
689 1614 835 1655 videtur,
871 1615 969 1656 quod
1005 1614 1152 1647 similem
1188 1614 1450 1648 translationem
1485 1614 1635 1657 legimus

198 1669 293 1711 aputl
309 1668 506 1703 Diodotum
521 1669 576 1702 XII
598 1670 646 1709 12,
662 1669 698 1702 3:
716 1668 900 1709 ὑπολαβὼν
925 1695 931 1701 .
950 1696 956 1702 .
976 1694 983 1701 .
1007 1671 1070 1708 τὴν
1086 1668 1280 1710 φαυλότητα
1304 1668 1462 1711 καθάπερ
1486 1668 1639 1708 λοιμικὴν

198 1726 303 1754 νόσον
326 1723 546 1763 ἐπινέμεσθαι
570 1726 633 1754 τὸν
654 1727 733 1763 βίον
755 1730 827 1754 τῶν
842 1723 1045 1765 ἀνθρώπων
1068 1726 1121 1753 καὶ
1137 1731 1334 1754 νοσοποιεϊν
1357 1726 1414 1755 τὰς
1437 1726 1542 1765 ψυχὰ,Ί
1566 1729 1638 1753 τῶν

198 1780 355 1820 ἀρίστων.
402 1778 491 1812 Nam
526 1779 616 1812 hanc
649 1778 907 1821 digressionem
942 1778 988 1811 de
1013 1776 1226 1812 Charondae
1264 1780 1299 1811 et
1322 1778 1462 1811 Zaleuci
1498 1778 1638 1820 legibus

199 1832 387 1866 institutam
422 1833 492 1873 (ΧΠ
519 1833 658 1874 12-22)
683 1832 879 1866 Posidonio
916 1832 1040 1866 deberi
1075 1833 1109 1866 et
1133 1831 1310 1875 Georgius
1335 1831 1459 1865 Busolt
1494 1832 1540 1874 (in
1559 1841 1638 1865 ann.

199 1887 268 1921 vol.
294 1886 460 1921 CXXXIX
484 1897 513 1921 a.
535 1887 617 1921 1889
641 1897 720 1930 pag.
742 1887 821 1929 308)
845 1888 1012 1930 gravibus
1037 1888 1262 1930 argumentis,
1294 1896 1509 1929 quamquam
1534 1888 1640 1929 negat

200 1942 386 1975 Eduardus
409 1941 587 1975 Schwartz
611 1942 708 1983 (Enc.
733 1941 828 1978 Real.
853 1942 892 1975 V.
918 1943 983 1975 col.
1007 1941 1097 1983 685),
1134 1942 1390 1975 demonstravit
1422 1943 1456 1975 et
1481 1949 1526 1974 eo
1552 1950 1639 1974 con-

199 1996 361 2037 firmatur,
386 1997 483 2038 quod
508 1996 651 2030 dicendi
685 2005 799 2039 genus
824 1996 1103 2030 Posidonianum
1139 2005 1183 2029 ex
1208 1996 1363 2038 reliquiis
1389 1996 1423 2029 et
1446 1994 1595 2028 Diodori
1619 1996 1637 2027 l.

201 2051 230 2083 V
253 2051 393 2091 24—40,
427 2051 765 2084 XXXlll—XXXVlll
799 2051 1009 2084 intellectum
1044 2053 1164 2092 aperte
1190 2051 1313 2084 elucet.
1371 2050 1478 2089 Quod
1514 2050 1640 2091 paucis

202 2105 376 2147 exemplis
400 2105 580 2147 probabo:

311 2159 415 2193 Diod.
449 2160 504 2192 XII
539 2160 587 2200 12,
611 2160 647 2192 4:
682 2159 977 2201 ἀποστερήσεσθαι
1015 2165 1087 2189 τῶν
1121 2158 1308 2189 καλλίστων
1348 2157 1642 2197 ἐπιτηδευμάτωιῃ·

203 2214 294 2247 conf.
330 2213 434 2247 Diod.
468 2214 617 2246 XXXVII
652 2214 683 2254 8,
712 2216 743 2246 l:
777 2217 982 2255 χρησάμενα,Ι
1009 2221 1076 2246 τοῖς
1099 2212 1282 2245 καλλίστοις
1306 2211 1573 2251 ἐπιτηδεύμασιν,
1600 2230 1640 2235 -

203 2268 307 2301 Diod.
332 2268 387 2301 XII
414 2268 463 2307 17,
489 2269 523 2299 l:
547 2265 635 2298 ἰδιόν
657 2280 689 2297 τι
712 2270 765 2297 καὶ
787 2266 958 2299 παντελῶς
992 2266 1236 2308 ἐξηλλαγμένον
1271 2266 1523 2305 ·ιόμοθετῆσαι,·
1547 2266 1639 2299 conf.

204 2323 286 2356 POS.
310 2323 348 2356 fl'.
376 2323 424 2355 14.
450 2325 576 2362 νόμιμα
601 2321 771 2355 παντελῶς
793 2321 1015 2364 ἐξηλλαγμένα
1038 2321 1234 2358 καταδεῖξαι.
1262 2340 1300 2345 --
1326 2321 1430 2354 Diod.
1455 2321 1510 2353 XII
1539 2320 1586 2360 19,
1608 2322 1640 2352 l:

203 2378 282 2408 καθ’
308 2379 349 2416 ἣν
371 2375 458 2408 ἴδιόν
481 2389 513 2407 τι
536 2380 589 2407 καὶ
613 2375 808 2418 παράδοξον
830 2379 923 2414 αὐτῷ
948 2378 1090 2415 συνέβη;
1113 2376 1204 2408 conf.
1230 2374 1334 2407 Diod.
1360 2375 1389 2407 V
1417 2375 1468 2414 26,
1498 2376 1529 2407 l:
1555 2374 1642 2404 ἴδιον

205 2431 241 2463 δέ
257 2444 289 2463 τι
302 2435 354 2462 καὶ
368 2429 563 2472 παράδοξον
576 2433 750 2471 συμβαίνει
773 2433 857 2461 κατὰ
872 2457 878 2464 .
894 2457 900 2463 .
916 2455 921 2461 .
938 2449 979 2454 —
991 2429 1096 2463 Diod.
1113 2429 1168 2462 XII
1192 2430 1245 2470 20,
1273 2431 1284 2462 1
1298 2440 1305 2462 ι
1331 2428 1452 2468 πολλῆς
1475 2427 1644 2469 ἀποδοχῆς

205 2491 397 2529 τυγχάνων,·
421 2487 512 2519 conf.
537 2486 641 2519 Diod.
663 2486 796 2518 XXXIII
811 2486 891 2523 288,
916 2486 951 2517 2:
975 2484 1115 2525 μεγάλης
1132 2483 1300 2523 ἀποδοχῇ1
1317 2485 1445 2522 ἔτυχον.
1471 2503 1511 2506 —
1536 2484 1641 2517 Diod.

204 2542 259 2574 XII
283 2541 335 2582 20,
352 2542 388 2574 2:
413 2542 455 2573 εἷς
472 2542 644 2580 εὐσέβειαν
670 2542 723 2570 καὶ
747 2538 978 2578 δικαιοσύνηι»,·
995 2539 1086 2573 conf.
1104 2538 1141 2571 fr.
1160 2539 1195 2571 2:
1213 2540 1362 2577 εὐσέβεια
1380 2538 1564 2578 θαυμαστὴ
1584 2567 1590 2573 ,
1611 2568 1616 2573 ,
1637 2565 1643 2571 .

207 2595 397 2635 δικαιοσύνη
422 2608 467 2626 τε.
504 2613 544 2617 -
580 2594 684 2628 Diod.
709 2594 763 2627 XII
787 2594 839 2633 21,
867 2595 900 2626 l:
936 2595 1104 2635 ἀπέτρεψε
1140 2598 1196 2631 τῆς
1230 2592 1395 2635 βλαβερᾶς
1430 2599 1556 2634 τρυφῆς
1592 2596 1644 2622 καὶ

206 2649 381 2682 ἀκολασίας
406 2656 476 2680 τῶν
499 2647 790 2691 ἐπιτηδευμάτων;
826 2648 918 2681 conf.
944 2647 1047 2680 Diod.
1072 2647 1222 2680 XXXVII
1246 2647 1276 2687 3,
1294 2648 1329 2680 2:
1366 2648 1559 2689 ἐτράπησαν
1582 2650 1644 2688 γὰρ

207 2706 238 2733 οἱ
262 2706 332 2734 νέοι
357 2730 362 2735 .
389 2734 394 2739 ,
422 2734 428 2740 ,
454 2706 496 2737 εἷς
519 2706 650 2746 τρυφὴν
673 2706 725 2733 καὶ
748 2702 937 2734 ἀκολασίαν.

1407 2767 1445 2799 2*
