1868 3093
805 156 1074 196 -45-

216 264 510 305 adnotationes
528 263 559 316 ¹)
604 266 647 305 ut
687 265 742 305 ita
783 265 919 306 dicam
962 265 1261 306 existimandae
1303 268 1409 306 sunt.
1478 265 1661 314 Quarum

216 330 530 369 adnotationum
553 330 638 369 duo
660 340 814 381 genera
834 331 1153 383 distinguantur:
1183 330 1275 371 aliis
1297 331 1405 371 enim
1427 331 1533 372 locis
1554 341 1661 383 quae

216 394 381 446 singula
412 395 453 434 in
484 395 759 435 narrationem
790 406 875 435 non
906 397 1063 447 recepit
1092 396 1133 435 in
1161 395 1245 435 fine
1270 396 1361 436 eius
1385 396 1501 436 addit
1521 397 1661 447 ibique

216 462 285 499 aut
327 460 367 498 in
410 459 540 499 dubio
582 460 700 511 ponit
734 462 804 500 aut
840 462 1011 501 omnino
1047 461 1215 510 refellit;
1250 460 1343 501 aliis
1379 463 1514 502 autem
1545 461 1662 508 locis,

218 535 325 575 quae
368 525 408 565 in
451 525 683 566 narratione
725 537 802 577 pro
845 529 958 567 certo
995 527 1148 578 posuit,
1189 537 1238 567 ea
1267 527 1308 567 in
1340 526 1510 567 dubium
1540 528 1664 567 vocat

216 590 281 630 vel
313 601 465 631 vocare
495 591 667 632 videtur.

328 656 483 697 Prioris
514 659 679 709 generis
709 658 1004 697 adnotationes
1036 660 1078 697 ut
1108 658 1257 698 breves
1288 659 1342 698 ita
1371 659 1521 698 multae
1552 660 1662 698 sunt:

219 721 230 761 l
279 722 337 769 18,
379 723 488 762 2-4
532 725 725 762 auctores
770 722 950 773 quidam,
1000 723 1069 773 qui
1118 722 1293 762 Numam
1343 722 1591 774 Pompilium
1640 734 1664 762 a

219 786 454 838 Pythagora
485 788 687 827 eruditum
718 798 815 827 esse
846 789 1119 835 narraverant,
1149 787 1388 835 retutantun
1419 787 1432 827 1
1462 788 1526 836 39,
1556 788 1664 827 5-6

219 852 288 902 qui
340 850 527 892 Servium
576 852 756 893 Tullium
814 863 838 893 a
887 863 1008 893 serva
1065 855 1204 893 natum
1263 863 1359 893 esse
1408 852 1643 893 rettulerant
1654 866 1664 901 ;

219 917 269 958 lV
304 917 363 966 16,
384 918 494 958 3—4
523 920 592 970 qui
628 919 858 959 Minucium
890 930 914 959 a
943 919 1131 971 patribus
1161 920 1214 959 ad
1237 919 1403 971 plebem
1425 919 1664 966 transiisse;

220 983 269 1023 lV
310 984 369 1031 17,
395 984 503 1023 3-5
554 986 622 1035 qui
674 985 835 1036 legatos
885 996 968 1024 non
1018 986 1135 1024 iussu
1180 985 1289 1036 regis
1339 984 1414 1024 sed
1465 995 1599 1024 errore
1641 995 1664 1024 a

220 1049 490 1090 Fidenatibus
539 1050 779 1091 interiectos
828 1061 925 1091 esse
974 1053 1323 1099 asseveraverant,
1376 1050 1553 1091 breviter
1600 1061 1663 1090 re-

219 1115 424 1154 felluntur.
494 1115 535 1154 ln
578 1116 708 1155 dubio
750 1116 991 1166 relinquitur
1031 1115 1081 1155 IV
1121 1116 1185 1163 23,
1221 1126 1272 1155 an
1315 1116 1424 1155 idem
1466 1115 1665 1155 consules

221 1180 456 1230 insequenti
487 1191 598 1220 anno
629 1180 769 1221 refecti
800 1181 897 1229 sint;
928 1180 1009 1221 Vlll
1030 1181 1085 1220 40
1115 1181 1314 1221 incertum
1340 1183 1413 1229 est,
1444 1178 1665 1221 Cornelius

220 1244 372 1285 Fabius
404 1245 501 1284 belli
533 1246 704 1297 gerendi
736 1256 787 1285 an
819 1246 1009 1285 ludorum
1041 1256 1169 1285 causa
1199 1246 1374 1285 dictator
1403 1248 1565 1286 creatus
1595 1246 1665 1292 sit;

222 1308 273 1348 lX
308 1310 367 1357 15,
388 1310 518 1349 8—11
555 1311 786 1362 ambigitur,
817 1312 948 1351 utrum
971 1310 1123 1350 Lucius
1148 1308 1368 1351 Cornelius
1390 1310 1565 1350 dictator
1585 1320 1666 1349 una

220 1386 313 1414 cum
351 1375 389 1414 L.
421 1375 588 1426 Papirio
631 1374 811 1416 Cursore
854 1386 905 1415 an
948 1376 1066 1415 solus
1108 1373 1335 1416 Samnitum
1378 1376 1664 1425 imperatorem

220 1440 300 1478 sub
323 1441 462 1491 iugum
486 1441 660 1488 miserit;
684 1440 774 1479 XXl
796 1440 860 1487 38,
880 1440 989 1479 2-—9
1011 1439 1231 1479 Hannibali
1253 1439 1383 1490 Alpes
1403 1442 1665 1492 transgresso

221 1507 400 1556 quantae
432 1507 581 1557 copiae
612 1506 762 1547 fuerint
791 1507 1016 1557 quaeritur;
1047 1517 1140 1546 eum
1171 1516 1306 1557 neque
1337 1516 1411 1556 per
1435 1504 1665 1546 Poeninum

221 1582 357 1621 neque
372 1569 594 1611 Cremonis
610 1573 751 1623 iugum
769 1572 984 1612 transiisse
1002 1571 1235 1611 affirmatur.
1269 1571 1389 1610 l-laud
1406 1572 1460 1610 ita
1474 1570 1666 1611 differunt

222 1646 328 1685 quae
370 1635 460 1676 XXI
508 1637 566 1684 15,
601 1637 711 1676 3-6
753 1637 806 1676 ad
847 1637 1048 1688 temporis
1091 1647 1345 1676 consensum
1388 1635 1667 1684 efficiendum,

221 1702 446 1751 postquam
491 1712 693 1741 annorum
739 1702 926 1742 ordinem
972 1712 996 1741 a
1040 1712 1085 1741 se
1131 1713 1215 1741 non
1260 1702 1525 1741 observatum
1570 1711 1666 1741 esse

222 1767 520 1813 animadvertit,
550 1767 727 1806 exhibet.

336 1830 495 1869 Eodem
539 1842 671 1870 rerum
714 1833 908 1870 contextu
950 1841 1141 1882 magnam
1184 1830 1293 1869 illam
1337 1830 1388 1869 de
1431 1828 1563 1870 Gallis
1594 1841 1667 1870 ex—

224 1895 477 1945 positionem
500 1896 840 1936 commemorabo
871 1896 923 1935 ab
946 1895 1286 1935 adnotationibus
1307 1895 1372 1935 his
1393 1905 1476 1935 non
1499 1895 1666 1935 multum

224 1960 443 2001 distantem
467 1961 517 2010 (V
539 1962 604 2009 33,
625 1962 771 2010 4—35,
791 1961 848 2014 3).
897 1961 1125 2012 Postquam
1148 1961 1256 2001 enim
1280 1959 1467 2001 Clusium
1488 1972 1512 2000 a
1534 1959 1667 2002 Gallis

223 2026 408 2067 obsideri
446 2027 584 2068 Livius
627 2029 812 2076 narravit,
855 2039 931 2069 eos
974 2028 1211 2078 scriptores,
1253 2027 1322 2078 qui
1364 2029 1461 2067 tunc
1492 2027 1666 2078 primum

223 2090 371 2132 Gallos
416 2093 547 2144 Alpes
588 2095 804 2133 transiisse
847 2094 1156 2140 contenderant,
1202 2092 1357 2140 refellit,
1406 2103 1498 2132 cum
1544 2093 1669 2133 docet

224 2159 415 2199 ducentis
451 2161 572 2200 annis
609 2163 702 2200 ante
738 2171 862 2211 quam
895 2158 1082 2200 Clusium
1114 2160 1400 2210 oppugnatum
1436 2159 1489 2198 sit
1520 2156 1668 2199 Gallos

334 2247 360 2284 1)
385 2244 561 2279 conferas
592 2255 685 2287 quae
716 2246 762 2279 de
794 2246 971 2279 eiusmodi
996 2244 1285 2278 adnotationibus
1316 2243 1449 2285 profert
1472 2242 1510 2276 B.
1534 2243 1610 2277 Keil
1634 2244 1667 2277 in

222 2300 327 2332 libro:
367 2299 433 2334 Die
472 2301 589 2334 solon.
629 2300 786 2334 Vertass.
824 2300 869 2333 im
907 2299 1046 2333 Aristot.
1089 2299 1299 2340 „idstqvaiwv
1336 2297 1518 2338 πολιτεία“,
1553 2297 1668 2332 Berol.

223 2363 253 2386 a.
282 2354 365 2387 1892
389 2364 470 2397 pag.
499 2356 577 2388 179:
616 2356 683 2396 „Es
721 2355 765 2388 ist
800 2355 862 2388 mir
897 2355 978 2388 eine
1014 2354 1189 2396 gelantige
1220 2353 1468 2395 Anschauung‚
1504 2353 1591 2387 aber
1614 2353 1668 2393 ich

223 2409 314 2442 weiss
339 2410 442 2450 nicht,
467 2419 558 2444 wem
583 2410 636 2444 ich
661 2410 714 2444 sie
732 2410 923 2450 verdanke,
948 2409 1019 2443 dass
1037 2409 1094 2443 die
1117 2409 1361 2451 griechischen
1379 2409 1450 2442 und
1467 2407 1668 2441 romischen

224 2463 379 2497 Autoren
404 2465 554 2498 deshalb
579 2473 623 2497 so
648 2464 768 2507 haufig
791 2464 942 2506 grossere
968 2464 1040 2498 und
1064 2464 1218 2497 kleinere
1236 2462 1560 2504 Abschweitungen
1585 2471 1668 2495 vom

225 2519 382 2559 geraden
413 2519 527 2561 wege
559 2520 622 2553 der
651 2519 876 2561 Darstellung
905 2520 1053 2552 machen
1085 2519 1242 2558 miissen‚
1271 2518 1349 2551 weil
1379 2517 1437 2550 die
1461 2516 1586 2550 Antike
1610 2516 1668 2550 die

225 2573 531 2607 unkiinstlerische
577 2574 805 2616 Anmerkung
851 2574 885 2606 in
932 2574 994 2607 der
1040 2572 1406 2607 wissenschattlichen
1445 2570 1670 2614 Darstellung

224 2630 318 2663 nicht
342 2630 458 2663 kennt.
