1868 3093
814 240 1082 281 -57-

232 348 358 387 docet
386 346 617 398 Dionysius
647 347 1001 397 Halicarnasseus,
1039 351 1108 400 qui
1141 351 1289 390 eodem
1321 350 1416 390 loco
1447 352 1487 390 et
1516 349 1666 389 eodem

233 411 410 453 consilio
453 422 536 463 quo
567 411 705 452 Livius
737 412 790 452 de
820 412 1013 453 Euandro
1043 416 1083 454 et
1112 414 1286 456 Hercule
1317 417 1460 455 narrat.
1517 415 1665 465 Neque

233 477 426 517 de'ludis
456 476 654 519 Romanis
684 478 858 527 primum
888 477 1044 516 Livium
1075 479 1272 519 docuisse
1302 480 1354 519 ab
1386 480 1534 520 eodem
1566 490 1666 530 pro-

233 542 351 582 batur
380 540 599 593 Dionysio,
640 541 710 593 qui
752 551 859 593 quae
897 541 949 581 de
979 541 1060 582 illis
1090 543 1255 583 exhibet
1282 543 1349 584 Vll
1379 545 1433 584 70
1461 555 1523 596 sq.
1552 544 1664 595 apud

233 607 404 648 Fabium
435 606 640 647 Pictorem
671 607 881 647 invenisse
912 617 959 647 se
989 607 1211 657 profitetur.
1252 608 1362 648 ldem
1393 610 1521 660 igitur,
1551 610 1665 660 quod

233 672 286 713 de
330 671 536 713 similibus
579 671 711 712 Taciti
755 671 1003 712 excursibus
1045 671 1083 711 F.
1126 671 1208 712 Leo
1250 673 1391 713 scribit
1407 673 1446 722 ¹),
1490 674 1541 713 de
1586 674 1666 714 illis

233 749 401 789 quoque
434 737 768 790 digressionibus
795 737 974 778 Livianis
1005 739 1248 778 statuemus:
1286 738 1409 785 „Man
1440 739 1541 779 wird
1571 740 1667 779 eher

233 803 475 850 annehmen‚
506 802 587 842 dass
612 802 781 842 Tacitus
812 803 932 842 einen
964 803 1137 842 solchen
1164 801 1271 843 Stoff
1285 813 1337 842 an
1358 804 1515 843 seinem
1535 803 1666 855 Wege

233 868 404 908 bereitet
442 868 553 915 fand‚
590 868 652 907 als
694 866 775 907 dass
818 878 861 907 er
900 868 979 906 wie
1012 866 1168 908 Plinius
1211 868 1424 919 irgendein
1464 868 1666 919 gelehrtes

236 929 517 984 Repertorium
547 943 638 972 zum
669 931 846 973 Zwecke
878 933 1240 985 nachgeschlagen
1271 932 1418 973 habe“.

755 1052 791 1091 4.
818 1049 1145 1092 Conclusio.

342 1128 436 1167 Non
479 1129 615 1179 magni
657 1130 753 1167 sunt
793 1129 1000 1175 momenti,
1042 1129 1244 1175 concedo,
1286 1139 1393 1178 quae
1424 1128 1557 1174 effeci,
1593 1129 1669 1167 sed

235 1195 371 1233 tamen
413 1192 465 1232 ad
508 1192 851 1244 cognoscendum
888 1202 1007 1232 usum
1038 1192 1249 1232 Livianum
1292 1203 1376 1232 non
1407 1202 1579 1244 prorsus
1609 1192 1670 1231 vi-

235 1259 380 1299 dentur
410 1257 575 1297 inutilia.
633 1258 737 1297 Nam
767 1259 941 1308 primum
972 1258 1139 1308 quidem
1171 1259 1211 1297 in
1242 1259 1454 1297 hominum
1485 1258 1671 1297 moribus

234 1325 273 1363 et
291 1324 469 1376 ingeniis
483 1323 743 1374 explicandis
769 1333 857 1362 eam
884 1333 1007 1373 quam
1024 1323 1181 1374 primus
1198 1323 1386 1363 adhibuit
1400 1322 1670 1375 Thucydides

234 1390 432 1429 rationem
475 1389 620 1428 nescio
656 1398 707 1428 an
739 1389 887 1428 mediis
918 1388 1269 1428 intercedentibus
1298 1389 1505 1428 annalium
1536 1389 1670 1439 scrip-

239 1454 402 1494 toribus
447 1452 643 1495 Romanis
687 1453 842 1493 Livium
874 1454 1060 1504 exceptis
1092 1454 1259 1493 duobus
1301 1454 1407 1493 locis
1437 1454 1672 1494 servavisse

234 1521 403 1558 secutus
448 1519 710 1568 potissimum
747 1518 778 1569 J.
822 1517 957 1557 Bruns
1001 1519 1190 1568 exposui.
1260 1518 1414 1558 Eadem
1460 1519 1499 1558 in
1545 1519 1670 1557 rebus

235 1584 449 1624 narrandis
463 1593 583 1624 usum
597 1593 750 1631 norma,
764 1584 925 1634 praeter
937 1593 1071 1634 pauca
1084 1584 1137 1623 ad
1153 1582 1364 1626 Romanos
1379 1583 1670 1624 defendendos

235 1659 259 1689 a
288 1647 464 1701 Polybio
500 1648 585 1689 fere
624 1649 881 1700 deprompta,
917 1658 1117 1689 excursus
1160 1649 1239 1689 nisi
1271 1659 1363 1689 curn
1394 1649 1571 1700 simplici
1603 1648 1671 1687 illa

234 1716 390 1754 ratione
421 1714 717 1754 convenientes
748 1725 841 1753 eum
872 1725 955 1753 non
985 1714 1202 1754 addidisse
1228 1714 1380 1754 deinde
1402 1714 1496 1754 dixi.
1541 1713 1669 1753 Deni-

236 1790 316 1830 que
358 1790 408 1819 eo
440 1780 493 1819 ad
524 1779 730 1819 annalium
766 1779 1011 1829 scriptorum
1043 1780 1276 1830 exemplum
1308 1779 1462 1818 Livium
1493 1789 1540 1818 se
1565 1789 1668 1818 con-

233 1845 438 1885 formasse
496 1844 786 1891 demonstravi,
847 1845 960 1895 quod
1017 1846 1056 1884 et
1100 1845 1224 1884 rebus
1267 1845 1446 1895 antiquis
1490 1853 1667 1883 excursu

235 1910 526 1950 describendis
578 1920 747 1961 operam
790 1910 905 1950 dedit
945 1920 1079 1960 neque
1121 1909 1467 1960 expositionibus,
1520 1908 1665 1959 quales

235 1976 579 2027 pragmaticorum
622 1975 908 2014 historicorum
950 1975 1140 2025 propriae
1182 1974 1352 2022 fuerunt,
1394 1974 1667 2013 narrationem

235 2050 380 2079 ornare
411 2039 559 2079 solitus
590 2041 663 2086 est,
694 2039 771 2078 nisi
803 2039 917 2089 quod
949 2049 1000 2078 ex
1024 2039 1074 2078 iis
1095 2049 1203 2089 quos
1224 2039 1409 2089 sequitur
1429 2037 1668 2078 auctoribus

236 2104 432 2145 nonnulla
462 2105 549 2144 sive
576 2103 773 2146 Romanis
803 2104 942 2143 auditu
970 2104 1150 2144 iucunda
1174 2104 1262 2144 sive
1287 2104 1340 2145 ad
1361 2104 1669 2155 praedicandos

236 2180 311 2210 eos
324 2170 476 2210 idonea
490 2169 691 2209 transtulit
707 2171 746 2208 et
759 2169 811 2208 ad
821 2169 994 2209 eosdem
1011 2168 1303 2209 defendendos
1318 2169 1669 2220 comparationem

237 2235 344 2276 illam
376 2233 442 2283 (IX
477 2235 536 2283 17)
567 2234 619 2274 ab
650 2235 890 2287 argumento
921 2234 1045 2286 plane
1076 2235 1250 2275 alienam
1282 2236 1538 2286 interposuit.

561 2407 634 2449 111.
664 2408 730 2450 De
759 2406 914 2450 Taciti
943 2407 1338 2462 digressionibus.

346 2495 427 2536 lam
458 2495 770 2548 progrediamur
798 2496 850 2536 ad
880 2496 1117 2547 frequentes
1148 2507 1254 2547 quae
1277 2496 1316 2536 in
1338 2494 1519 2537 Cornelii
1541 2495 1671 2535 Taciti

237 2561 362 2608 libris,
408 2562 447 2601 in
491 2562 674 2602 historiis
718 2562 981 2613 potissimum
1026 2564 1065 2602 et
1107 2563 1326 2602 annalibus
1370 2572 1480 2613 quos
1522 2563 1674 2601 vocant

345 2648 372 2690 1)
397 2648 431 2681 in
467 2648 782 2681 commentatione:
818 2646 884 2681 Die
920 2648 1246 2682 staatsrechtlichen
1276 2647 1434 2681 Exkurse
1470 2647 1503 2680 in
1527 2647 1672 2680 Tacitus

235 2701 405 2743 Annalen,
431 2701 525 2737 Gott.
550 2702 676 2736 Nachr.
703 2711 735 2737 a.
763 2702 855 2742 1896,
880 2711 960 2744 pag.
985 2702 1059 2735 203.
