1868 3093
813 138 1083 177 -64-

223 246 429 293 institutis,
478 247 660 297 denique
703 247 755 286 de
798 247 975 298 singulis
1017 246 1242 298 Hispaniae
1285 245 1490 297 gentibus,
1535 247 1576 285 ut
1618 245 1670 285 de

222 311 440 358 Lusitanis,
472 309 696 358 Gallaecis,
726 311 937 351 Tartessis
966 311 1145 352 doceret.
1300 304 1302 306 ’

331 375 412 416 lam
448 387 548 416 vero
588 387 695 428 quae
727 377 780 417 de
811 375 958 425 Gallis,
1000 379 1122 430 gente
1151 377 1323 419 finitima
1356 378 1396 417 et
1423 377 1670 428 propinqua,

221 441 332 491 apud
365 440 597 481 Diodorum
628 441 663 481 V
691 442 746 481 24
776 452 838 492 sq.
878 442 1069 493 leguntur
1104 444 1307 494 quatenus
1340 452 1433 482 cum
1464 441 1527 488 iis,
1563 450 1670 493 quae

222 506 274 546 de
303 504 526 547 Germanis
556 507 761 555 audimus,
792 507 914 548 liceat
945 507 1131 548 conferre
1163 507 1395 549 videamus:

430 571 528 611 Tac.
561 570 697 612 Germ.

278 648 310 694 l,
350 648 392 687 3:
452 647 669 688 Danuvius
717 649 831 689 molli
876 652 915 688 et

219 713 436 753 clementer
483 713 592 753 edila
636 715 786 754 montis
827 713 912 753 Ab·

221 777 357 817 nobae
377 778 473 828 iugo
494 776 652 829 effusas
674 778 811 828 pluris
830 788 911 827 po-

214 843 341 892 pulos
362 843 460 888 adil,
488 844 617 882 donec
637 844 677 882 in
697 842 912 883 Ponticum

219 918 335 947 mare
367 918 442 947 sex
476 906 679 948 meatibus
714 910 911 957 erumpat.

273 1037 310 1085 3,
345 1038 381 1076 l:
429 1038 572 1078 Fuisse
612 1038 729 1088 apud
768 1048 839 1078 eos
875 1040 915 1078 et

217 1103 433 1143 Herculem
453 1106 691 1150 memorant,
711 1103 911 1154 primam-

219 1179 298 1218 qae
328 1169 507 1208 omnium
537 1169 714 1208 virorum
736 1168 910 1220 fortiam

218 1235 317 1273 ituri
342 1235 383 1273 in
408 1234 573 1284 proelia
602 1237 764 1274 canunt.
815 1237 913 1273 sant
979 1265 986 1272 .
1017 1263 1024 1271 .

218 1299 298 1339 illis
349 1299 452 1339 haec
504 1310 666 1351 quoque
713 1300 909 1345 carmina,

218 1375 392 1414 qaorum
408 1365 551 1410 relata,
568 1375 686 1415 quem
703 1364 910 1404 bardiuim

220 1432 376 1476 vocant,
408 1429 639 1470 accendunt
662 1431 824 1470 animos
845 1462 852 1469 .
874 1461 881 1469 .
903 1461 911 1469 .

218 1506 291 1536 nec
324 1498 407 1536 tam
440 1496 551 1536 vocis
581 1495 647 1536 ille
675 1506 800 1547 quam
830 1497 911 1536 vir-

219 1562 316 1601 tutis
348 1564 566 1601 concentus
597 1560 764 1601 videtur.

273 1627 310 1672 4,
339 1627 382 1664 2:
417 1626 526 1665 ande
554 1626 721 1665 habitus
750 1637 913 1676 qaoque
944 1654 946 1659 .

569 1691 674 1730 idem
705 1691 912 1731 omnibus:
945 1743 946 1749 ἵ

220 1701 438 1740 corporum
469 1721 476 1728 .
499 1722 506 1730 .
529 1722 536 1729 .

220 1759 355 1796 traces
376 1759 416 1796 et
434 1755 615 1796 caerulei
627 1756 744 1802 oculi,
766 1756 913 1796 rutilae

219 1832 372 1868 comae,
429 1831 586 1872 magna
642 1832 821 1872 corpora
875 1825 947 1867 et1

218 1890 375 1927 tantum
420 1887 479 1927 ad
519 1887 710 1938 impetum
752 1887 912 1927 valida:
944 1896 946 1933 }

1226 572 1349 613 Diod.
1379 571 1423 612 V.

1037 649 1101 696 25,
1114 649 1157 688 4:
1177 651 1363 698 μέγιστος
1382 644 1500 687 δ’ἐστὶ
1521 654 1600 684 τῶν
1614 645 1671 692 εἰς

983 711 1029 750 τὸ
1059 709 1265 762 καθ’ἡμᾶς
1293 712 1470 762 πέλαγος
1498 711 1670 762 ῥεόντων

983 774 1003 814 ὃ
1019 772 1215 825 Ῥοδανός,
1236 777 1309 823 τὰς
1327 775 1401 825 μὲν
1420 776 1555 829 πηγὰς
1569 774 1670 825 ἔχων

983 840 1023 879 ἐν
1052 848 1139 888 τοῖς
1166 838 1364 888 Ἀλπείοις
1393 840 1514 893 ὄρεσι,
1549 844 1670 879 πέντε

981 905 1024 945 δὲ
1052 907 1245 955 στόμασιν
1280 905 1584 958 ἐξερευγόμενος
1613 904 1671 951 εἰς

979 971 1050 1023 τὴν
1080 972 1301 1011 θάλατταν.

1035 1037 1099 1086 29,
1119 1037 1163 1078 3;
1193 1038 1264 1083 τάς
1295 1050 1337 1075 τε
1358 1043 1438 1076 τῶν
1458 1035 1669 1089 προγόνων

981 1101 1262 1154 ἀνδραγαθίας
1282 1101 1491 1153 ἐξυμνοῦσι
1510 1101 1578 1141 καὶ
1598 1101 1670 1147 τὰς

978 1166 1129 1206 ἑαυτῶν
1182 1167 1328 1220 ἀρετὰς
1380 1172 1669 1221 προφέρονται,

1057 1264 1065 1272 .
1094 1233 1161 1271 καὶ
1191 1232 1237 1272 τὸ
1262 1233 1427 1272 σύνολον
1447 1232 1492 1271 τὸ
1513 1234 1670 1284 θάρσος

978 1305 1050 1352 τῆς
1087 1306 1221 1352 ψυχῆς
1254 1305 1340 1345 τοῖς
1373 1298 1508 1350 λόγοις
1537 1311 1668 1351 προα-

981 1372 1224 1416 φαιροῦνται
1254 1395 1261 1403 .
1292 1395 1300 1403 .
1325 1395 1333 1403 .
1363 1366 1427 1412 31,
1447 1365 1489 1405 2:
1520 1362 1597 1401 εἰσὶ
1627 1362 1669 1401 δὲ

982 1430 1079 1482 παρ’
1103 1430 1241 1478 αὐτοῖς
1260 1430 1327 1469 καὶ
1344 1429 1510 1482 ποιηταὶ
1526 1428 1668 1479 μελῶν,

981 1497 1050 1542 οὓς
1077 1495 1250 1547 βάρδους
1279 1495 1553 1545 ὀνομάζουσιν.

1036 1627 1160 1674 28,1;
1203 1625 1241 1663 οἱ
1283 1625 1326 1664 δὲ
1368 1626 1544 1664 Γάλαται
1584 1631 1670 1671 τοῖς

979 1691 1051 1740 μὲν
1102 1693 1280 1741 σώμασίν
1330 1690 1428 1730 εἰσιν
1477 1690 1668 1743 εὐμήκεις,

980 1763 1069 1802 ταῖς
1113 1756 1155 1795 δὲ
1199 1756 1314 1808 σαρξὶ
1358 1757 1559 1807 κάθυγροι
1601 1756 1666 1794 καὶ

980 1822 1120 1869 λοικοί,
1143 1828 1233 1868 ταῖς
1257 1820 1299 1860 δὲ
1320 1822 1461 1871 κόμαις
1481 1821 1527 1860 οὐ
1546 1822 1668 1871 μόνον

981 1886 1022 1926 ἐκ
1053 1889 1211 1939 φύσεως
1235 1888 1393 1936 ξανθοί,
1429 1919 1436 1927 .
1468 1919 1474 1927 .
1505 1917 1513 1925 .
1542 1887 1606 1937 34,
1626 1888 1668 1927 5:

218 1952 377 1992 laboris
434 1954 558 2002 atque
611 1962 778 2002 operum
829 1964 910 1992 non
944 1940 946 1989 ἶ
979 1953 1161 1991 καθόλου
1181 1953 1521 2005 καρτεροπληγεῖς
1534 1951 1667 2004 ὑπάρ-

218 2018 363 2058 eadem
387 2018 603 2068 patientia.

274 2279 379 2326 5,1:
426 2279 670 2318 Terra...

220 2408 379 2458 aspicit.

943 2031 946 2077 f
979 2031 1115 2066 χουσιν
1146 2049 1154 2057 .

943 2108 946 2156 ἱ
978 2090 1068 2130 ταῖς
1129 2086 1337 2122 συστάσεσι
1392 2091 1472 2121 τῶν
1527 2083 1667 2122 δεινῶν

943 2158 945 2205 1
978 2148 1188 2200 ὑπομονὰς
1216 2149 1320 2188 πολὺ
1351 2149 1559 2188 λείπονται
1588 2156 1668 2187 τῶν

943 2217 945 2262 ᾖ
979 2215 1243 2266 Κελτιβήρων.

707 2279 912 2319 ventosior
943 2276 945 2336 J

219 2354 303 2393 qua
336 2344 531 2383 Noricam
568 2354 618 2383 ac
650 2344 910 2384 Pannoniam
943 2339 945 2364 ³

943 2419 945 2431 ¹
980 2408 1119 2458 ἄνεμοι
1139 2409 1377 2462 τηλικαύτην
1397 2408 1555 2458 ἔχοντες
1570 2422 1666 2461 σφο-

469 2500 471 2503 «
943 2485 945 2499 ⁴
980 2473 1153 2527 ὃρότητα
1184 2505 1191 2513 .
1226 2506 1232 2513 .
1266 2506 1273 2513 .

272 2539 309 2587 6,
336 2540 373 2579 l:
404 2538 509 2582 Rari
530 2540 687 2591 gladiis
718 2543 792 2580 aut
818 2551 910 2580 ma—
943 2540 945 2589 ξ

218 2605 376 2645 loribus
389 2605 544 2645 lanceis
559 2608 743 2646 utuntur:
763 2606 910 2646 hastas

1239 2049 1246 2056 .
1289 2019 1392 2057 κατὰ
1432 2017 1475 2057 δὲ
1514 2019 1588 2065 τὰς
1628 2017 1668 2056 ἐν

1032 2280 1097 2328 26,
1124 2282 1160 2320 l:
1192 2279 1275 2317 ἀπὸ
1306 2279 1382 2330 γὰρ
1412 2281 1578 2331 θερινῆς
1604 2278 1667 2317 δύ-

979 2357 1080 2390 σεως
1093 2344 1162 2382 καὶ
1178 2343 1324 2395 ἄρκτου
1341 2351 1456 2382 πνεῖν
1470 2343 1666 2382 εἰώθασιν

1032 2541 1096 2587 30,
1126 2541 1167 2581 3:
1217 2540 1303 2579 ἀντὶ
1341 2540 1384 2580 δὲ
1418 2547 1489 2579 τοῦ
1524 2541 1668 2592 ξίφους

979 2608 1149 2652 σπάθας
1195 2606 1328 2654 ἔχουσι
1369 2607 1526 2656 μακρὰς
1575 2636 1581 2643 .
1616 2636 1623 2643 .
1657 2636 1664 2643 .
